3022 5026
387 361 435 410 nn
459 358 680 409 onsnnraus
705 357 787 407 err.
812 357 962 408 xxxix.
1161 343 1227 410 331

129 629 206 685 nus,
221 608 278 671 ubi
293 606 453 672 ldoesiam
469 605 619 689 contigit,
633 607 725 671 illico
741 604 895 688 Margum
906 604 1005 690 juxta
1017 615 1030 655 Ρ
1044 606 1230 673 Diocletia-

128 731 174 775 no
203 727 416 792 congressus,
441 709 520 773 dum
542 707 650 773 victos
670 707 767 773 avide
790 713 967 790 premeret,
990 727 1128 773 suorum
1156 711 1227 776 ictu

129 811 263 881 interiit,
278 810 370 894 quod
387 810 526 875 libidine
542 809 716 894 impatiens
732 808 925 873 militarium
947 815 1073 892 nuptas
1094 808 1232 876 affecta·

129 915 208 979 bat:
243 930 387 997 quarum
415 912 606 978 infestiores
631 911 693 976 viri
721 910 805 976 irarn
827 917 939 975 tamen
961 909 1176 996 doloremque
1197 911 1232 978 in

130 1016 286 1080 eventum
318 1014 397 1079 belli
419 1014 628 1081 distulerant.
674 1013 729 1079 12.
762 1011 843 1093 Quo
864 1013 1056 1097 prosperius
1084 1012 1233 1092 cedente,

129 1125 231 1195 metu,
260 1135 303 1180 na
327 1115 519 1200 hujusmodi
546 1117 718 1199 ingenium
741 1116 851 1198 magis
880 1117 1059 1200 magisque
1089 1115 1234 1181 viatoria

131 1218 361 1297 insolesceret,
377 1240 452 1285 sese
467 1220 531 1286 ulti
545 1227 634 1284 sunt.
680 1216 731 1284 lb
755 1219 794 1285 le
808 1219 885 1285 linia
900 1218 989 1284 Caro
1005 1218 1187 1301 liberisque
1199 1226 1233 1282 :q

132 1318 290 1385 Narbone
305 1323 441 1404 patria,r
455 1322 630 1406 imperium
645 1321 771 1385 biennii
786 1320 887 1386 suere.
929 1321 985 1385 le.
1007 1318 1115 1403 igitur
1130 1318 1231 1384 Vale·

131 1424 203 1486 rius
218 1424 326 1507 prima
343 1425 386 1489 ad
401 1426 587 1490 exereitum
603 1424 777 1501 concione,
791 1442 867 1488 curn
892 1421 1013 1488 educto
1036 1413 1162 1504 gladio,
1177 1441 1232 1486 so·

132 1526 199 1590 lem
223 1517 366 1605 intuens,
390 1528 622 1605 obtestaretur,
643 1527 792 1608 ignarum
809 1524 915 1590 eladis
938 1524 1150 1602 Numeriani,
1172 1542 1232 1589 ne·
1310 1551 1316 1561 ·

135 1648 201 1712 que
215 1629 345 1713 imperii
359 1630 549 1714 cupientem
560 1648 597 1693 aa
611 1629 729 1706 inisse,
741 1627 872 1711 Aprum
882 1627 1037 1712 proxime
1051 1632 1236 1693 astantem·

593 1789 776 1812 0000000οΟΝο

135 1892 400 1956 Delpb.Pitlsc.-ll
419 1892 609 1957 Mmgsmeaed.
625 1893 736 1943 Marassa
748 1891 925 1942 anteScbott.
947 1891 1012 1941 Mox
1024 1888 1232 1954 tenebrescente
1271 1948 1274 1961 ,

134 1958 236 2010 Sciron.
246 1960 344 2009 libidine
355 1961 480 2024 inpotim
487 1959 630 2009 κὶὶίεανίιη
638 1960 724 2008 essitas
730 1957 885 2023 afficiebant.
900 1959 910 1987 ‘
921 1954 1007 2006 Aliter
1015 1957 1136 2006 libidinis:
1152 1957 1235 2020 loqui·

137 2032 180 2073 tus
192 2024 224 2072 de
236 2026 391 2075 unoCarino
404 2026 447 2088 spui
466 2025 630 2074 matrimonia
645 2023 755 2073 militum
774 2023 971 2088 consumebat,
983 2032 1011 2072 nt
1029 2023 1169 2085 Errtropins
1188 2024 1235 2072 sit.

134 2088 253 2138 Eruenda
265 2090 343 2153 iglmr
354 2090 450 2152 annin
459 2089 598 2154 affectabat,
610 2090 661 2151 vel,
675 2086 744 2152 quod
764 2088 898 2151 propinas
917 2088 999 2137 veteri
1013 2088 1142 2151 scriptura
1151 2086 1235 2150 abest,

135 2155 246 2204 mulieres
262 2155 446 2204 assectatores.-
463 2156 621 2204 assentietur
638 2155 715 2205 iaciie
732 2154 776 2218 qui
796 2153 931 2207 literarum
951 2153 1044 2203 mutus
1061 2152 1235 2204 considerabit

134 2219 369 2282 veterislectionis,
381 2219 632 2285 maltossffectobast.
667 2219 814 2282 Repcrerst
832 2217 901 2268 forte
920 2219 1041 2268 librarius
1060 2225 1148 2268 noster
1167 2219 1235 2268 nati.

134 2283 312 2397 ppfcctsbutsrr
328 2295 356 2333 nt
369 2294 395 2334 ct
408 2299 477 2340 mox,
489 2300 560 2349 quare
571 2285 611 2333 acl
622 2299 669 2348 pus
679 2300 706 2334 ss
717 2284 852 2344 infestiores
860 2284 922 2344 υἱώ·
932 2284 957 2333 in
970 2299 1021 2348 quo
1033 2284 1095 2334 nihil
1108 2283 1234 2333 demuto.¹

156 2349 297 2399 cluit-18
315 2350 368 2399 Pro
388 2351 497 2400 Narbone
516 2351 606 2400 solunt
626 2351 730 2400 Narseo
750 2349 869 2399 alit-ts
885 2350 944 2399 ‘Aa
966 2352 1097 2399 emersam
1114 2349 1232 2399 contione.

136 2413 266 2471 Emendo,
274 2416 464 2464 msnrsdncente
473 2415 590 2480 vopisco
601 2425 627 2463 er
639 2413 847 2478 Eutropimi'ssc
857 2414 939 2463 lobiis
949 2420 986 2465 est
995 2415 1080 2476 iugens
1088 2414 1172 2464 cestio.
1208 2412 1235 2462 ls

133 2480 214 2540 prino
234 2481 339 2529 militans
358 2482 479 2530 contione:
497 2495 556 2529 nam
575 2481 709 2529 conditione
728 2480 780 2529 Ms.
799 2479 941 2543 depravate
961 2479 1083 2530 turbante
1103 2478 1235 2528 librariam

137 2546 246 2610 antiqua
255 2546 387 2596 scribendi
398 2545 480 2595 torma
490 2547 599 2597 contione
610 2559 657 2610 per
671 2553 731 2594 tan:
749 2558 830 2610 quare
850 2545 927 2594 misso
946 2545 1048 2609 repudii
1066 2545 1163 2607 libello,
1181 2545 1236 2595 lec·

630 2691 740 2741 NOTIE

165 2804 178 2835 Ρ
195 2796 309 2857 Mergens
331 2795 480 2860 [Margum]
489 2795 576 2858 justo]
594 2797 664 2859 Lege
704 2796 851 2859 imperator
870 2796 957 2845 Vitam
980 2793 1127 2844 fulminibus
1145 2809 1235 2860 pareas

133 2872 256 2932 Murgan.
289 2871 394 2932 vopisc.
410 2873 521 2921 ‘Contra
536 2872 664 2921 Diocleti·
704 2872 834 2937 peregit?
857 2872 932 2922 idern
955 2872 1037 2921 inlisit
1064 2879 1092 2922 et
1119 2872 1235 2923 Zonaras

134 2962 209 2995 auum
220 2948 306 2995 miritis
319 2947 415 3010 praeliis
423 2945 557 3009 conflixi13
573 2947 665 2998 ultime
703 2963 759 2998 curn
772 2948 877 3012 scripsit
889 2962 923 2997 aa
934 2947 1123 3012 antiquioribus
1134 2948 1236 3000 Gracia

134 3038 221 3088 pirgus
231 3023 299 3085 apud
320 3024 438 3080 Marsum
456 3025 599 3085 commissa,
610 3027 664 3074 sic·
704 3022 781 3087 κόρω
797 3024 827 3074 sb
844 3025 917 3087 pisos
933 3023 1041 3085 ranem,
1058 3023 1107 3084 io:
1124 3025 1171 3076 aed
1190 3040 1236 3077 eos

134 3098 330 3150 rusoembuir!
363 3101 469 3163 Margus
486 3101 585 3152 biresisa
603 3101 664 3151 urbs
703 3099 757 3151 falli
770 3103 872 3167 potavit
889 3103 1016 3167 Scaliger,
1028 3103 1072 3165 qrsi
1091 3103 1129 3153 alt
1141 3103 1235 3154 &rum

133 3177 201 3225 intes
213 3177 380 3227 viminatium
398 3177 495 3234 urbem,
509 3187 537 3227 et
548 3178 663 3228 Aureum
704 3177 902 3228 Narbonensem
929 3193 962 3228 ea
997 3179 1104 3244 illyrico
1137 3179 1237 3242 brissei

134 3261 259 3303 montem.
704 3253 855 3305 Narbonem
872 3256 941 3304 enim
958 3254 1069 3304 nobilem
1087 3255 1112 3304 in
1130 3255 1237 3321 Illyrico

166 3337 178 3371 t
202 3328 353 3394 biberim]
380 3329 543 3381 Numeriano
565 3337 593 3381 et
616 3330 663 3382 Cs-
703 3330 829 3382 coloniam
846 3345 862 3381 s
878 3329 965 3382 Plinio
981 3340 1010 3381 ss
1027 3331 1173 3383 Ptolemae
1184 3344 1237 3382 ose·

135 3405 200 3455 rino.
705 3408 808 3459 morsri.
841 3408 999 3458 Ptolemaeus
1016 3408 1040 3458 in
1057 3409 1236 3474 descriptione

166 3482 305 3532 'Narbone
321 3482 413 3546 patrio]
428 3482 665 3535 NssbonsinGal·
705 3484 807 3549 Illyrici
835 3485 950 3535 memissit
978 3486 1082 3550 quidem
1107 3487 1237 3551 napuras

135 3560 170 3608 lia
188 3560 302 3622 genitum
326 3560 421 3608 Carum
440 3560 528 3624 plures
547 3559 665 3609 credide·
705 3561 820 3613 aonosias
839 3560 961 3621 δπωήμου.
993 3562 1045 3613 Sed
1061 3563 1162 3613 Plinius
1179 3578 1236 3615 sam

135 3645 208 3698 rnnt;
226 3644 256 3685 ut
274 3650 307 3686 es
325 3635 375 3685 boc
393 3633 492 3686 Sidonii
508 3637 622 3687 carmine
634 3638 666 3687 ds
705 3636 871 3689 ‘Naronem'
888 3652 937 3687 non
956 3637 1135 3689 ‘Narbonars'
1152 3647 1237 3701 sucat,

136 3714 260 3764 Narbone
273 3712 362 3762 sidere
378 3722 433 3763 ests
449 3713 597 3778 ‘Quicquid
610 3713 666 3765 Cn·
708 3728 784 3766 seret
802 3714 909 3765 Narona
924 3713 994 3764 enlm
1006 3728 1021 3764 a
1035 3715 1115 3779 Nare,
1128 3716 1169 3765 sel
1182 3716 1237 3765 Ns·

136 3790 235 3839 assibus
256 3787 332 3839 ferax
354 3789 475 3839 creandis
497 3790 570 3840 Felix
593 3792 667 3854 prole
706 3805 770 3841 sone
780 3788 869 3855 fluvio,
879 3791 921 3841 cui
932 3792 1062 3855 apposita.

135 3865 429 3924 sirum,siuruldedisti‚
448 3867 531 3917 Natos
548 3881 607 3916 ensa
624 3883 668 3931 ge·
740 3867 858 3930 'Aprusa
881 3867 991 3931 proxime
1009 3868 1137 3932 meatem]
1161 3867 1237 3918 Idem

135 3942 418 4007 nitereminctprnres.
452 3943 668 4008 Namquisl‘er·
706 3943 939 4007 Vopisonaetalii.
969 3943 1021 3992 Sed
1033 3945 1050 3993 li
1062 3957 1151 3993 omnes
1161 3944 1237 3994 bosa

135 4021 198 4070 aidis
209 4018 413 4083 expeditionem,
423 4017 477 4068 Ant
487 4020 667 4069 victriciacas·
707 4018 856 4074 Valeriano,
872 4025 932 4082 post
950 4025 1058 4069 mortens
1075 4019 1237 4080 Numeriani,

137 4103 177 4144 tra
190 4097 334 4161 preteribit
344 4097 406 4148 carl
421 4097 556 4161 principis,
568 4105 596 4147 et
608 4111 666 4159 per·
707 4105 734 4147 et
745 4104 807 4146 ants
818 4095 908 4146 Carini
926 4094 1075 4158 adrentum,
1088 4096 1187 4148 iactam
1197 4096 1237 4146 di·

138 4172 295 4223 ambulatum
314 4174 437 4224 Romania
457 4173 601 4237 legionibus
620 4174 667 4225 Ni·
706 4179 777 4222 cunt.
809 4172 919 4235 liorrop.
941 4170 1031 4222 iisdem
1056 4173 1161 4223 verbisr
1186 4172 1237 4222 ‘Is

137 4247 240 4311 pbstem
268 4249 333 4298 Tum
361 4264 417 4299 carn
445 4247 551 4300 fulmine
575 4257 666 4315 eaptus
706 4250 790 4315 prima
805 4249 916 4300 militnm
929 4249 1054 4301 concione
1067 4251 1237 4315 Jurasith·
