3022 5026
285 373 306 435 4
661 383 775 431 nunu
799 383 1007 431 ruarmo.
1119 451 1123 464 Ι

287 532 424 615 scripsit
449 531 516 594 ‘de
539 527 632 593 Viris
658 526 872 603 Illnstribus,'
896 534 931 590 et
953 537 962 562 ‘
987 527 1029 591 de
1060 526 1284 607 Caesaribus3'
1317 524 1378 590 sed

285 635 372 700 alius
393 632 585 718 cujusdam
613 632 683 694 sire
705 640 796 706 ante,
821 631 893 694 sive
912 638 993 713 post
1014 631 1181 694 Aurelium
1204 629 1378 694 Victorem

284 739 415 802 vixerit.
458 734 547 800 Ante
568 733 744 799 Aurelium
767 734 895 797 vixisse
919 732 1125 810 existimant,
1140 733 1199 817 qni
1219 752 1295 796 enm
1312 732 1376 795 As-

284 842 414 905 conium
430 839 615 903 Pedianum
631 835 756 900 dicunt.
801 835 869 898 Sed
887 837 989 900 molta
1011 855 1192 918 repugnare
1207 836 1376 899 videntur:

283 944 392 1027 primo
416 941 523 1027 stylus
538 939 597 1023 qui
614 938 715 1021 plane
730 937 880 1001 diversus
896 947 959 1014 est,
976 937 1124 1001 secundo
1146 938 1257 1021 ipsum
1271 937 1377 1001 libelli

283 1056 532 1130 argumentom3
560 1061 668 1126 neque
691 1041 778 1104 enirn
802 1041 831 1103 is
852 1057 928 1103 mos
954 1040 1016 1103 fuit
1039 1040 1184 1123 antiquis
1206 1041 1255 1104 ita
1281 1058 1377 1122 argu·

283 1155 393 1214 menta
406 1148 563 1212 librorum
580 1163 716 1207 suorum
731 1141 906 1206 conficere.
951 1140 1085 1205 Deinde
1105 1161 1180 1206 cum
1203 1142 1278 1225 ipse
1295 1140 1375 1206 Vic-

281 1258 384 1316 torem
399 1249 518 1315 Afrum
532 1246 651 1320 laudet,
669 1244 745 1310 inde
766 1243 865 1309 tacite
888 1244 1000 1327 colligi
1021 1251 1132 1329 potest
1153 1264 1229 1308 enm
1247 1244 1376 1310 Aurelii

281 1351 433 1418 Victoris
447 1351 581 1416 libellos
595 1348 730 1430 legisse.
775 1345 863 1412 Nam
887 1348 946 1431 qui
970 1348 1065 1412 aliter
1085 1349 1246 1432 potuisset
1266 1349 1375 1432 prima

281 1456 392 1529 fronte
414 1458 499 1539 ipse,
515 1474 552 1518 se
575 1452 749 1517 historiam
767 1470 861 1515 snam
876 1470 985 1535 usqne
1002 1451 1043 1514 ad
1059 1451 1269 1515 consulatum
1284 1450 1375 1516 deci-

280 1553 370 1623 mu'm
393 1557 583 1624 Constantii
605 1554 855 1640 perducturum,
870 1552 1042 1636 reciperet
1086 1552 1145 1631 At,
1163 1554 1307 1636 inquies,
1323 1573 1372 1618 ar·

279 1668 468 1743 gumentum
491 1659 575 1724 illud
599 1667 728 1722 tantum
752 1657 982 1732 adulterinum,
997 1667 1033 1721 et
1056 1658 1100 1721 ab
1116 1657 1232 1740 aliquo
1256 1675 1373 1721 exara·

280 1773 363 1841 tum,
380 1771 418 1827 ut
441 1782 507 1828 non
533 1763 640 1844 magis
663 1761 777 1826 libello
792 1766 802 1794 ‘
817 1760 858 1824 de
879 1759 1016 1842 Origine
1041 1758 1164 1825 Gentis
1187 1758 1374 1835 Romanae,'

279 1886 381 1950 quam
396 1865 535 1950 reliquis
550 1865 681 1930 duobus
696 1863 818 1928 libellis
839 1869 848 1897 ‘
864 1862 905 1927 de
921 1862 1013 1928 Viris
1033 1861 1244 1942 illustribus,'
1259 1871 1292 1928 et
1307 1869 1316 1897 ‘
1329 1863 1372 1927 de

278 1968 491 2033 Caesaribns'
514 1969 708 2032 inserviretr
729 1966 840 2049 ipsum
867 1986 946 2031 vero
971 1967 1120 2030 libellum
1144 1966 1212 2030 ‘de
1234 1964 1372 2048 Origine

279 2070 399 2137 Gentis
411 2067 600 2145 Romanae,'
610 2071 788 2151 genuinum
799 2067 937 2134 Asconii
946 2068 1064 2134 foetnm
1076 2088 1171 2133 esse:
1184 2068 1273 2151 qnod
1285 2071 1371 2133 enim

278 2173 451 2238 Asconius
467 2171 654 2237 Patavinus
669 2172 779 2249 fuerit,
796 2179 831 2235 et
845 2173 899 2236 hic
911 2171 1041 2235 Noster
1053 2171 1145 2235 dicat
1161 2191 1198 2235 se
1214 2169 1278 2234 ‘de
1295 2170 1371 2234 Ori·
1502 2224 1504 2228 ,

279 2277 355 2358 gine
381 2271 566 2338 Pataviua'
586 2272 709 2337 librom
738 2273 898 2349 edidisse,
923 2273 999 2336 inde
1022 2273 1153 2356 probari
1183 2273 1371 2338 Asconium

277 2378 450 2462 utriusque
461 2375 566 2441 libelli
579 2385 748 2439 auctorem
761 2375 959 2440 habendum.
1004 2375 1073 2439 Sed
1089 2377 1140 2441 sic
1153 2375 1252 2440 etiam
1267 2375 1370 2441 nihilo

278 2479 357 2563 plns
372 2497 473 2563 agas3
496 2478 651 2563 quamvis
665 2479 751 2542 enim
773 2479 904 2543 daretur
925 2477 1126 2543 Patauinum
1141 2478 1245 2542 fnisse
1259 2477 1371 2544 Asco-

276 2582 380 2659 nium,
394 2602 461 2646 non
475 2580 553 2646 inde
566 2581 663 2663 sequi
680 2586 795 2663 posset
810 2580 935 2644 nullum
951 2579 1053 2643 alium
1068 2579 1133 2643 ‘de
1149 2578 1286 2663 Origine
1302 2579 1367 2644 Pa·

277 2682 406 2750 tavina’
419 2685 562 2749 scribere
576 2683 740 2767 potuisse.
780 2682 901 2767 Neque
915 2683 1013 2747 etiam
1027 2682 1058 2746 si
1073 2682 1204 2748 daretur
1218 2692 1252 2749 et
1267 2684 1369 2748 Pata·

276 2788 388 2852 viuum
402 2787 508 2853 luisse
522 2785 718 2864 simonium,
727 2793 760 2851 et
771 2806 845 2851 enm
859 2786 900 2851 de
914 2785 1049 2868 Origine
1065 2786 1231 2851 Patavina
1241 2787 1368 2870 aliquid

277 2891 465 2975 scripsisse,
479 2909 545 2954 non
568 2889 646 2953 iden
669 2908 784 2953 vemm
804 2898 895 2954 esset
914 2889 1098 2954 Asconium
1114 2889 1201 2954 bunc
1215 2890 1367 2954 libellum

277 3013 436 3059 exarasse
452 2997 463 3026 ⁴
479 2992 521 3056 de
543 2991 678 3074 Origine
693 2992 811 3057 Gentis
832 2991 1037 3066 Romanae;'
1059 2991 1119 3055 sed
1139 2992 1221 3056 iilud
1237 2994 1366 3076 utique,

275 3093 377 3178 bujus
406 3097 511 3161 libelli
538 3102 715 3175 auctorem,
743 3103 781 3161 nt
804 3098 870 3161 sibi
893 3095 994 3160 fidem
1020 3096 1224 3173 conciliaret,
1253 3114 1366 3160 verum

275 3197 416 3264 Asconii
430 3218 548 3264 nornen
564 3198 651 3264 salso
667 3199 733 3263 sibi
749 3200 962 3284 ascripsisse.
1006 3197 1107 3277 Quod
1123 3206 1159 3262 et
1172 3218 1264 3282 saepe
1280 3199 1366 3264 alias

274 3299 397 3366 sactum
433 3307 495 3366 est
537 3300 620 3366 Jnre
645 3302 746 3385 igitur
772 3303 1016 3367 eruditissimus
1041 3301 1183 3369 Gerard.
1216 3301 1365 3369 Vossius

274 3402 363 3468 hunc
380 3402 542 3469 Nostrum
557 3404 696 3469 Aurelio
710 3402 847 3470 Victore
861 3407 1078 3471 recentiorem
1093 3424 1171 3469 esse
1191 3425 1365 3470 assevera-

274 3506 334 3570 vit.
380 3505 466 3570 Eum
489 3516 537 3584 tn,
565 3507 617 3570 vel
641 3506 826 3571 Asconinm
852 3507 968 3577 dicito,
992 3508 1045 3571 vel
1068 3508 1182 3588 alium,
1201 3517 1241 3572 ut
1262 3508 1365 3584 lubet,

273 3607 378 3672 modo
400 3614 532 3672 constet
554 3626 630 3672 enm
657 3616 735 3690 post
756 3607 925 3673 Aurelium
954 3607 1123 3675 Victorem
1144 3618 1259 3676 uatum
1278 3629 1365 3686 esse,

275 3710 365 3794 quod
381 3717 415 3775 et
429 3710 529 3794 plane
544 3710 672 3775 indicat
685 3711 738 3775 bic
759 3711 910 3775 libellus.
955 3711 1080 3778 Fateor
1099 3733 1152 3778 mo
1169 3712 1249 3777 olim
1267 3712 1301 3775 in
1316 3714 1361 3777 al·

275 3821 379 3876 teram
403 3823 531 3899 partem
555 3815 682 3894 ivisse;
705 3814 821 3878 sedeo
844 3835 897 3879 me
916 3815 1096 3899 impulerat
1114 3817 1209 3880 locns
1232 3815 1298 3879 iste
1318 3837 1362 3881 ax

275 3933 305 3979 c.
317 3931 435 3981 xxrrr.
450 3919 509 4003 57.
533 3918 681 3983 ‘Horum
695 3917 840 3982 omnium
853 3919 1068 4002 opinionibus
1081 3918 1227 3982 dirersis
1240 3937 1362 4003 repug-

274 4028 333 4081 nat
347 4029 472 4083 nostrae
497 4021 665 4085 memoriae
680 4019 889 4103 proclamans
910 4021 1065 4085 Historia
1081 4020 1261 4086 Livianaz’
1282 4020 1360 4086 dnm

273 4119 361 4183 eninr
378 4123 478 4185 verba
492 4123 551 4188 illa
564 4130 706 4188 ‘nostrae
721 4122 889 4187 memoriae
906 4121 1138 4206 proclamans,’
1151 4121 1237 4186 idem
1250 4125 1360 4188 valere

275 4241 398 4287 censeo
414 4243 525 4306 quarn,
541 4230 550 4263 ‘
565 4244 643 4308 qnae
659 4226 820 4290 memoria
834 4226 969 4303 nostra,'
986 4225 1039 4289 vel
1056 4232 1194 4290 ‘nostro
1210 4235 1359 4312 tempore
