3022 5026
445 394 494 444 nn
516 392 733 444 oneramus
756 393 837 445 osa.
862 394 976 445 xxiv.
1191 376 1257 447 299

162 543 322 609 tredecim
334 550 355 578 ¹²¹
375 542 514 626 imperio
525 542 658 607 iunctus
670 542 820 624 rempub.
836 541 975 624 reliquit
984 540 1146 607 firmatam
1162 543 1258 608 undi-

161 666 239 730 que.
282 645 314 710 8.
338 644 426 724 Quae
440 644 514 729 jam
534 652 605 710 turn
619 664 641 708 a
654 643 802 708 Romulo
826 644 868 708 ad
889 644 1090 727 Septimium
1106 647 1258 711 certatim

163 749 329 826 evolans‚¹¹
344 747 500 812 Bassiani
521 747 673 812 consiliis
690 755 850 831 tanquam
877 747 911 809 in
938 766 1067 809 summo
1086 750 1258 813 constitit:

163 871 231 933 quo
259 871 301 914 ne
327 850 503 914 confestim
532 851 708 925 laberetur,
731 847 919 914 Alexandri
941 848 1027 913 ruit·
1070 849 1102 912 9.
1126 848 1258 919 Abhinc

164 952 244 1016 dum
259 951 453 1016 dominandi
473 951 544 1016 sois
560 971 660 1036 quarn
676 952 852 1035 subigendi
865 957 1018 1017 externos
1029 951 1258 1035 cupientiores

164 1061 252 1132 sunt,
281 1061 382 1138 atque
407 1055 492 1118 inter
516 1074 552 1119 se
578 1062 756 1133 armantur,
786 1055 892 1139 magis
920 1055 1109 1119 Romanum
1133 1062 1258 1133 statum

163 1159 259 1241 qnasi
279 1159 423 1240 abrupto
438 1159 702 1240 praecipitavere,
719 1157 927 1241 immissique
942 1157 974 1221 in
985 1157 1161 1241 imperium
1183 1179 1258 1242 pro·

162 1260 289 1324 misene
297 1260 375 1324 boni
390 1259 547 1343 malique,
563 1260 693 1324 nobiles
708 1266 810 1343 atque
826 1259 1000 1341 ignobiles,
1015 1279 1056 1324 ae
1071 1261 1235 1326 barbariae
1245 1269 1260 1298 ⁰

163 1363 269 1426 multi.
313 1362 366 1425 10.
390 1360 528 1445 Quippe
552 1362 608 1425 ubi
629 1363 758 1446 passim
782 1362 993 1445 confusaque
1015 1364 1136 1441 omnia,
1150 1384 1258 1448 neque

165 1485 230 1530 suo
244 1464 392 1530 feruntur
410 1463 520 1540 modo,
533 1465 657 1548 quique
671 1463 724 1528 las
748 1473 878 1548 putant,
894 1464 941 1528 uti
956 1484 1015 1548 per
1029 1466 1184 1543 turbam,p
1204 1487 1259 1532 ra·

163 1564 243 1652 pere
270 1565 381 1630 aliena
411 1565 532 1641 officia,
561 1585 638 1650 quae
663 1587 776 1649 regere
800 1576 978 1653 nequeunt,
1002 1575 1035 1633 et
1064 1569 1258 1636 inscientia‘¹

164 1673 329 1736 bonarum
345 1670 478 1749 artium,
500 1670 593 1734 foede
616 1678 840 1754 corrumpunt.
885 1671 937 1734 11.
961 1671 1016 1736 Ita
1039 1671 1181 1738 iortunae
1205 1674 1258 1740 vis

163 1774 332 1839 licentiam
346 1778 457 1851 nacta,
473 1773 665 1856 peruiciosa
674 1773 812 1838 libidine
823 1775 983 1839 mortales
996 1776 1087 1859 agita
1109 1795 1184 1860 qnae
1199 1777 1258 1842 diu

197 1982 211 2005 ⁰
228 1974 289 2030 Qaae
298 1973 352 2035 laus
369 1975 424 2024 iads
434 1991 450 2024 a
463 1974 561 2023 Romulo
571 1987 642 2037 asora
652 1975 683 2023 ad
697 1973 839 2038 Septimium
850 1973 963 2025 Seuerum
979 1976 1023 2026 oia
1036 1978 1145 2032 eoadms,
1156 1975 1259 2025 masiliis
1276 2016 1287 2041 0

165 2036 290 2103 Burrieni,
300 2042 368 2106 orosi
377 2043 403 2090 ia
414 2055 502 2090 samma
511 2040 613 2104 periculo
624 2039 692 2089 tear
700 2054 710 2097 ς
725 2039 861 2091 Alexandri
869 2038 1007 2122 &oerifait
1016 2050 1043 2092 at
1054 2057 1083 2092 ae
1093 2043 1135 2092 illa
1144 2046 1233 2092 meret.

612 2183 793 2204 omum

164 2283 223 2333 edd.
235 2285 368 2335 distinctio
385 2292 442 2347 post
458 2285 672 2335 emolliant-tl
689 2286 727 2336 Aa
746 2285 841 2335 barbari
858 2286 995 2343 letabatur
1017 2294 1078 2337 ante
1099 2287 1200 2336 Sebott.
1217 2302 1260 2350 ap.

162 2364 240 2416 quem
251 2351 317 2400 Mas.
327 2351 478 2401 achalam.
509 2351 648 2416 Cogitabat
662 2352 721 2401 olim
738 2349 832 2405 Arata.
842 2352 959 2418 misma
968 2353 1124 2404 amab-1⁰
1141 2353 1175 2402 El
1184 2353 1259 2402 aelea-

656 2497 766 2549 NOTlli

161 2596 225 2655 lum,
242 2594 427 2660 Heliogabalus
444 2605 598 2659 removerat,
613 2611 689 2661 quern
730 2604 808 2662 atque
830 2597 895 2661 aqui
913 2597 999 2648 stadio
1017 2595 1133 2647 ostendit
1150 2604 1259 2662 quantas

164 2671 310 2721 Alexander
321 2681 414 2734 postea
431 2675 573 2729 revocarit,
587 2674 690 2737 patrin-
730 2680 799 2721 asset
809 2687 873 2736 ergo
885 2674 1007 2736 optimos.

163 2763 214 2812 qus
225 2747 356 2796 reddidit?
391 2746 427 2797 At
445 2749 478 2798 de
498 2751 589 2799 Paullo
605 2749 631 2798 id
649 2765 690 2799 ms
761 2756 780 2782 ¹¹¹
797 2750 880 2812 Neque
895 2747 1182 2811 altraaaaoslredarr'm]
1205 2750 1261 2802 lm-

163 2824 257 2885 legisse
269 2837 319 2872 uon
332 2825 451 2873 uramini:
464 2840 543 2889 quare
553 2825 690 2888 legendum
731 2826 833 2888 pararit
845 2840 885 2873 an.
898 2826 1063 2875 autumabas
1076 2838 1117 2874 rx.

163 2901 287 2963 putabam
302 2901 429 2965 Paulloque
439 2902 504 2951 iuter
517 2904 616 2951 exordia
624 2903 688 2965 pari-
762 2909 775 2934 ¹²
791 2902 812 2950 A
833 2901 934 2950 muno
949 2903 980 2950 ad
995 2901 1135 2963 Septimium
1148 2903 1259 2953 eertalin

162 2983 200 3026 rer
218 2978 325 3027 reddito:
352 2985 381 3027 nt
395 2977 603 3040 subintelligatur
627 2978 690 3026 ‘bo·
730 2979 835 3042 malosi]
852 2977 899 3029 Ait
909 2979 1094 3040 rempublicam
1106 2994 1165 3043 quas
1181 2982 1259 3031 allo·

163 3052 462 3120 uore'quodprareedit.
495 3054 690 3118 Ulpianumeo·
730 3057 799 3105 malo
815 3055 847 3104 ad
865 3056 1018 3119 Septimium
1036 3070 1117 3119 nsque
1132 3057 1258 3108 Seseruar

161 3130 222 3180 deur
239 3132 334 3180 bonore
351 3131 475 3191 retinens,
491 3130 634 3193 Paulloque
647 3145 689 3179 so·
731 3135 774 3183 ria
785 3142 889 3184 serrata
900 3143 950 3197 eat,
961 3134 1064 3183 taudem
1071 3134 1188 3183 Bassiani
1196 3148 1259 3185 oon·

162 3208 221 3256 dem
231 3209 327 3257 bonore
338 3208 407 3256 iuter
417 3207 523 3256 exordia
534 3206 640 3269 imperii
651 3206 691 3256 sui
730 3211 793 3259 siliis
805 3211 935 3259 insomnio
946 3209 1094 3259 discrimina
1104 3212 1259 3274 eonatitiaaa,

163 3287 264 3335 reddito
275 3287 341 3351 juris
349 3286 504 3340 auctoribus,
512 3288 562 3334 dre.
576 3283 691 3336 Praefec-
731 3288 769 3337 ita
789 3295 818 3336 nt
835 3285 979 3336 Alexandri
996 3285 1076 3335 buerit
1092 3302 1142 3350 qno
1159 3275 1192 3356 ne
1211 3288 1258 3337 illa

164 3370 247 3413 turam
266 3363 445 3426 pratariauam
462 3361 598 3423 intelligit,
615 3377 689 3426 quam
731 3370 834 3413 rueret:
847 3362 977 3425 distingue
988 3364 1074 3426 igitur,
1086 3362 1258 3423 Qaoejasalaa

163 3442 256 3491 Paullo
278 3439 428 3490 Alexander
443 3439 574 3498 restituit;
594 3439 691 3503 qnippe
730 3457 746 3490 a
761 3442 862 3492 Romala
876 3441 908 3489 ad
924 3439 1066 3502 emmiu
1081 3439 1191 3489 arimin
1204 3453 1257 3488 eoa·

162 3520 206 3583 qrri
226 3533 281 3567 earn
304 3516 352 3566 aab
374 3515 544 3580 Heliogabalo
564 3516 691 3578 possedia·
730 3517 917 3574 munaum·
927 3515 1259 3580 masiliiataapaamiaaasa·

162 3606 219 3646 set:
240 3595 303 3645 nibil
321 3602 407 3644 tumen
428 3602 526 3644 tearers
544 3596 691 3659 pronuntio.
730 3595 896 3645 maceratitit.

163 3676 231 3725 Fieri
239 3675 306 3725 enim
316 3674 402 3737 potuit
411 3681 439 3722 ut
450 3673 517 3722 inter
526 3673 589 3722 alios
599 3673 689 3723 llells·
761 3680 773 3706 ⁰
789 3669 928 3733 Barbaria]
945 3668 1109 3733 Barbariam,
1125 3670 1214 3722 Graeci
1228 3678 1258 3722 et

164 3752 272 3816 gabalus
283 3749 402 3798 Paullum
414 3751 493 3798 etiam
504 3750 650 3799 removerit.
729 3750 815 3800 Latini
824 3746 947 3811 quicquid
956 3747 1088 3799 luitextra
1094 3748 1190 3800 limites
1201 3750 1257 3813 agri

195 3829 203 3863 ¹
218 3829 288 3878 daris
297 3825 443 3889 norm]
459 3827 584 3876 Placebat
597 3826 690 3877 Sabot·
729 3828 769 3876 aui
780 3838 914 3874 vocavere.

164 3914 201 3967 to,
211 3906 281 3954 daria
295 3903 438 3961 amlsrilas,
447 3909 550 3966 mutas
560 3917 619 3964 erga
628 3903 689 3967 apti·
761 3912 775 3946 l
787 3903 832 3952 Uti
836 3917 880 3965 per
887 3900 993 3965 triam]
1011 3901 1095 3950 ‘lieri
1104 3902 1256 3967 solet‚'aarp·

162 3998 213 4033 aros
223 3989 292 4047 atque
306 3980 368 4044 osai
376 3980 494 4029 atadims
504 3985 572 4033 emet,
582 3981 690 4031 adoram
729 3979 781 4043 ple.

162 4061 202 4109 ait
214 4059 398 4117 Alexandrum,
407 4055 467 4105 dom
484 4057 614 4118 prteipne
623 4056 690 4119 juria
760 4058 818 4106 ‹rt-:r
829 4052 1083 4117 mariemiabeimtia]
1094 4055 1163 4117 Lege
1178 4056 1257 4106 litia·

163 4143 282 4186 auctorea
293 4133 517 4194 colit‚ostendisse
530 4137 639 4196 quantas
649 4146 689 4183 aa·
727 4133 837 4196 miralia
856 4135 896 4198 tre.
919 4139 950 4183 at
971 4131 1019 4181 riri
1040 4131 1183 4184 doctissimi
1202 4146 1256 4184 aro·

164 4222 205 4263 set
215 4229 276 4274 erga
290 4213 410 4277 optimos,
427 4216 455 4260 et
469 4209 535 4274 oqui
552 4208 690 4259 studiosae.
729 4224 818 4260 onera.

163 4289 216 4341 Sed
227 4290 289 4340 nibil
298 4288 463 4340 mutandum:
471 4288 536 4353 juria
543 4287 691 4340 aaatoribaa
