3022 5026
275 351 319 419 72
568 363 680 414 snxrr
708 360 868 411 sunnnrr
895 359 1071 408 vronorrs

275 512 359 576 sisse
372 529 465 574 eam:
488 515 556 574 tum
570 508 702 574 exactis
717 507 890 572 mensibus
905 506 1055 588 geminos
1070 502 1193 570 editos.
1213 505 1246 570 e.
1264 503 1366 584 Quod

260 633 352 681 ¹curn
369 613 599 695 comperisset,
614 609 746 675 celandi
760 608 841 674 sacti
855 609 963 692 gratia
978 628 1038 692 per
1060 609 1171 673 scelus
1197 609 1368 691 concepti,

274 717 385 781 necari
396 714 501 799 jussit
515 713 735 791 sacerdotem,
760 719 890 796 pertrrm
916 711 983 775 sibi
1005 710 1166 775 exhiberi.
1209 712 1243 777 7.
1264 711 1366 775 'Inm-

275 839 340 903 que
362 817 571 882 Numitorem
598 837 660 900 spe
679 817 874 892 futurorum,
890 814 981 898 quod
1003 814 1049 888 bi,
1076 815 1107 878 si
1129 812 1369 890 adolevissent,

275 923 466 1005 injuriarum
490 939 622 985 suarum
647 917 844 1002 quandoque
866 917 994 981 ultores
1018 915 1118 980 futuri
1141 924 1266 994 essent,
1282 917 1369 981 alios

276 1024 407 1108 procis
432 1022 637 1100 subdidisse,
660 1021 805 1104 illosque
827 1039 910 1084 suos
925 1038 1023 1085 veros
1043 1026 1182 1106 nepotes
1206 1018 1369 1085 Faustulo

276 1133 445 1212 pastorum
460 1126 619 1208 magistro
635 1123 766 1188 dedisse
780 1119 982 1187 nutriendos.

708 1487 814 1553 CAP.
847 1486 942 1555 XX.

279 1623 493 1675 Anourmrrurr.
527 1623 640 1673 Aliaeu
662 1625 719 1676 stllr
741 1624 774 1675 de
797 1625 901 1676 Romuli
925 1633 951 1674 et
973 1624 1047 1675 Remi
1070 1623 1206 1673 nntirltnte
1227 1627 1256 1672 et
1276 1620 1370 1672 eduea-

310 1707 382 1754 tiene
399 1704 523 1754 narretis.
557 1704 645 1767 Lupus
662 1713 689 1754 et
707 1705 780 1769 picus
802 1704 869 1755 unde
892 1706 918 1755 ln
940 1706 1024 1757 tutele
1045 1703 1148 1756 Mettis.
1179 1701 1269 1754 Arbor
1285 1703 1370 1753 Rumi-

310 1786 384 1837 nulls.

321 1886 354 1950 1.
379 1883 433 1950 Ar
449 1905 528 1950 vero
543 1884 671 1950 Fabius
687 1885 822 1950 Pictor·
850 1885 909 1952 lib.
926 1903 949 1948 r.
973 1892 1007 1951 et
1030 1879 1250 1953 Vennonius‘
1268 1883 1370 1949 solito

278 1989 520 2073 institutoque·
534 2008 700 2071 egressam
715 1989 888 2072 virginem,
904 1989 938 2052 in
954 2009 1052 2054 usum
1066 2007 1235 2054 sacrorum
1249 2006 1373 2070 aquam

278 2093 420 2175 petitum
436 2110 481 2155 ex
497 2111 538 2155 eo
554 2090 655 2168 ionte,
676 2093 733 2175 qui
750 2092 868 2156 eratin
890 2092 968 2157 luco
984 2091 1119 2170 Martis,
1134 2090 1246 2157 subito
1261 2088 1384 2155 imbri-⁴

278 2193 343 2269 bus
359 2194 626 2276 tonitrubnsque,
643 2214 719 2278 qum
734 2215 809 2259 cum
825 2196 884 2260 illa
902 2201 1006 2274 erant,
1029 2193 1195 2278 disjectis,
1219 2212 1242 2257 a
1263 2190 1373 2257 Marte

279 2313 526 2376 compressam
557 2297 858 2380 conturbatumque
889 2316 968 2363 mox
999 2301 1196 2365 recreatam,
1214 2293 1369 2360 console·

281 2396 372 2461 tione
389 2398 466 2474 Dei,
486 2417 606 2462 nomen
630 2419 727 2464 suum
753 2399 941 2478 indicantis,
965 2397 1240 2481 affirmantisqne,
1261 2414 1307 2460 ex
1330 2416 1372 2462 ea
1493 2393 1497 2402 “

280 2505 379 2563 natos
393 2498 510 2581 dignos
531 2507 625 2584 putre
650 2521 822 2567 evasuros.
865 2501 900 2566 2.
922 2501 1068 2566 Primum
1091 2498 1191 2581 igitur
1213 2498 1372 2566 Amulius
1413 2537 1414 2541 =

279 2608 399 2678 rex,ut
414 2603 587 2686 comperit,
595 2602 724 2668 Rbesm
738 2603 889 2687 Sylviam
904 2601 1111 2670 sacerdotem
1127 2602 1305 2686 peperisse
1319 2622 1373 2686 ge·

280 2704 404 2783 minos,
419 2705 570 2788 protinus
592 2705 771 2790 imperavit
793 2706 965 2790 deportari
989 2705 1032 2771 ad
1060 2724 1184 2789 equam
1208 2704 1373 2789 profluen-

283 2803 375 2882 tem,'¹
398 2815 501 2890 atque
515 2826 559 2872 eo
574 2809 685 2894 abjici.
728 2811 760 2875 3.
783 2808 948 2881 Taurini,
972 2810 1097 2893 quibus
1113 2807 1149 2874 id
1175 2809 1374 2891 imperatum

283 2915 365 2986 erat,
379 2910 557 2994 impositos
571 2908 684 2976 rilvcoi
701 2930 835 2996 pueros,
850 2913 940 2978 circe
954 2896 1086 2978 radices
1100 2912 1225 2979 montis
1247 2911 1375 2977 Palatii

316 3157 383 3206 Cen.
394 3170 443 3208 xx.
478 3161 490 3207 l
502 3161 510 3187 ⁴
521 3159 638 3210 Venerius
649 3176 663 3208 ι
678 3160 761 3210 Venox
771 3161 873 3209 nomine
885 3158 964 3214 fecto,
973 3156 1135 3209 seribendu-
1146 3165 1254 3207 censent
1267 3157 1374 3207 Vossius

282 3229 310 3274 et
322 3223 397 3273 suns
410 3223 505 3274 Fabri)
520 3225 590 3275 Hert.
623 3226 685 3275 Max
697 3227 789 3289 ‘vulgo
798 3227 1160 3290 internnngiturmpreumr,
1170 3222 1376 3288 carmenque
1400 3259 1402 3266 ,

282 3301 347 3343 nox,
363 3290 403 3348 dfe.
421 3289 488 3337 unde
499 3289 653 3339 Arntseniur
673 3292 786 3354 conjecit
803 3306 889 3355 m.
906 3295 1133 3355 ccnmprstnrrcse.
1166 3288 1217 3338 see
1232 3289 1376 3350 Grcnernr,

283 3352 407 3402 suadente
420 3354 528 3418 Dionys.
539 3354 626 3405 Helie.
637 3370 657 3406 r.
673 3361 696 3405 l.
709 3371 768 3420 prr.
777 3360 819 3407 6⁸.
832 3357 938 3409 reticuit
956 3358 1087 3419 rulgstnrn
1102 3369 1110 3412 ς
1124 3363 1151 3402 et
1167 3355 1284 3403 distinxit
1296 3355 1374 3404 inter·

282 3420 423 3484 punctione
435 3420 554 3483 maxima,
561 3429 690 3471 commate
702 3430 760 3488 port
776 3424 846 3488 prius
861 3423 968 3473 verbnm
987 3435 1142 3486 compressum
1152 3419 1257 3470 deleto!
1269 3419 1374 3469 Harl-

774 3550 880 3602 Nom

314 3654 326 3682 ⁸
342 3645 433 3697 Fulvius
444 3646 540 3709 Pictor]
556 3648 596 3697 De
607 3664 658 3715 quo
670 3663 755 3713 sunm.
848 3655 932 3702 notet.
950 3647 1150 3698 Vidl’lotareb.
1166 3647 1375 3698 Ovid.Frst.rrr.

312 3721 490 3787 'VerucrissJ
507 3725 579 3775 liele
602 3725 746 3787 Vennonius,
765 3726 808 3791 qul
849 3728 857 3754 ‘
879 3725 960 3776 διατι
980 3727 1109 3776 lavaturas
1130 3738 1204 3772 mene
1225 3723 1330 3787 petebat
1349 3736 1375 3771 u-

288 3798 407 3850 rmum
418 3800 604 3850 dicendnrest.
638 3803 686 3852 Est
698 3803 765 3852 enlm
783 3802 809 3852 ld
849 3802 1087 3870 qurse'desylrir·

282 3888 374 3927 meren
397 3892 411 3924 ι
434 3877 525 3926 Venox
547 3876 643 3928 fectum
663 3886 694 3929 ut
712 3880 810 3944 optime
881 3879 951 3930 hAd
970 3895 1054 3944 squaru
1074 3873 1240 3944 proficentem]
1255 3874 1376 3924 ‘Pueros

285 3953 360 4004 Vere.
377 3953 453 4017 trojus
471 3967 520 4003 non
539 3955 619 4005 semel
635 3957 752 4006 meminit
768 3956 810 4006 cl·
851 3956 877 4007 in
895 3956 1066 4022 profluentem
1084 3969 1175 4020 rqurnr
1193 3952 1261 4001 nitri
1279 3952 1377 4016 jubet,'

285 4041 354 4079 ΜΟ·
852 4034 909 4083 Lir.
926 4035 971 4085 lib.
990 4048 1009 4084 r.
1037 4032 1091 4082 ‘In
1107 4026 1293 4094 profluentem‘
1317 4029 1377 4079 Flo·

317 4110 330 4144 Ι
356 4102 618 4170 mansisseque]
647 4105 707 4157 Non
729 4107 809 4158 rotem
851 4124 905 4160 rur.

282 4178 809 4245 ‘rolltoegresrrm'l'estrlerrdieit,sed
882 4185 991 4252 tene]
1017 4183 1076 4237 Hoc
1101 4187 1151 4247 est,
1175 4181 1280 4248 usrlglo
1309 4183 1377 4248 rudi,

284 4254 809 4312 stlen‘instltntoz’nbimemetrltnm
849 4263 954 4330 multe
