3022 5026
370 370 419 417 na
444 369 567 418 ssxro
593 369 764 420 suasuro
790 371 966 420 vroroas.
1186 356 1230 423 19

129 513 288 580 Secundo
309 510 514 598 probatura
537 517 611 599 pari
633 519 667 580 in
691 519 809 599 genere
831 519 947 582 eodem
961 518 1133 584 'scribendi
1155 519 1230 585 dili·-

130 619 248 699 gentia.
295 616 446 681 Asconio
472 618 559 681 enim
586 627 782 684 consuetum
807 619 872 684 fuit
895 623 1112 705 antiquitatis
1126 623 1228 688 histo-

129 720 211 785 riam
241 720 443 804 perscrutari
472 709 696 804 potissimum,
727 723 774 787 uti
799 741 844 786 ex
870 723 945 808 ejus
971 725 1005 786 iu
1032 725 1228 792 Ciceronem

129 823 325 906 fragmentis
356 831 502 888 constat.
560 823 602 889 ln
628 824 706 889 aliis
734 827 808 908 ejus
834 827 929 890 libris
955 827 1114 909 generalis
1136 837 1229 911 argu*-

129 928 233 990 menti
259 925 475 1010 particulares
499 928 802 993 commentationes
823 928 1009 993 historicas
1032 929 1231 996 discutiendi

129 1029 361 1112 tractandique
387 1030 547 1112 persimili
574 1050 650 1095 cnm
675 1032 761 1096 libro
782 1038 901 1096 nostro
924 1032 1166 1097 consuetudine
1184 1041 1231 1099 'ac

130 1133 320 1216 diligentia:
344 1151 452 1218 neque
471 1133 602 1208 leviter,
617 1133 677 1197 sed
699 1134 860 1219 expensis
876 1136 979 1198 variis
995 1143 1173 1200 auctorum
1190 1134 1232 1201 de

129 1237 184 1314 iis,
206 1235 313 1300 uthis
333 1236 521 1301 sententiis.
566 1235 675 1320 Cuius
694 1237 904 1321 antiquitatis
924 1237 985 1302 fuit
1005 1241 1155 1303 omnium
1177 1241 1233 1305 sui

130 1341 289 1422 temporis
304 1344 339 1403 et
353 1338 569 1404 doctissimus
583 1349 617 1406 et
637 1340 933 1423 diligentissimus:
955 1343 1004 1406 ita
1026 1351 1063 1406 nt
1078 1342 1155 1406 loca
1171 1345 1231 1408 ob-

131 1462 230 1507 scura
251 1447 387 1526 propter
407 1442 627 1525 ignerantiam
640 1444 854 1528 antiquitatis
870 1446 1025 1508 abstrusa
1039 1444 1232 1510 difficillima

131 1546 323 1630 explicaret.
368 1542 410 1608 ld
430 1546 518 1608 enirn
533 1546 646 1628 ipsius
660 1554 714 1609 est
730 1548 949 1629 praecipuum,
965 1566 1085 1629 nempe
1100 1567 1233 1613 summa

131 1646 301 1729 diligentia
322 1667 367 1711 ex
385 1649 491 1712 variis
512 1649 707 1712 annotinus
726 1648 914 1712 reconditas
935 1649 1096 1713 historias
1119 1670 1234 1716 eruere

131 1750 347 1832 intelligendo
370 1749 537 1823 Ciceroni,
552 1750 643 1833 quod
666 1769 711 1814 ex
733 1752 872 1833 partein
889 1749 1033 1836 Virgilio
1051 1749 1234 1826 fecissent

131 1852 167 1914 io
191 1852 358 1917 Cicerone
381 1871 425 1916 ex
447 1851 512 1916 hoc
532 1852 702 1935 superiore
721 1852 812 1930 loco,
829 1873 896 1936 quo
915 1853 1013 1918 elara'
1025 1854 1152 1918 faceret
1165 1854 1239 1922 duo

15 2011 18 2015 .
133 1953 263 2019 latiuae
288 1954 412 2036 linguae
438 1954 576 2034 lumina,
602 1954 826 2035 credendum
855 1955 1010 2020 iudicatis
1035 1956 1070 2019 in
1098 1956 1140 2021 iis
1164 1957 1235 2023 illis

132 2057 294 2136 historiis,
308 2076 387 2142 quan
401 2058 579 2140 incognitae
598 2057 676 2121 illos
691 2045 861 2141 aliquibus
877 2058 963 2123 locis
977 2057 1155 2123 redderent
1168 2080 1234 2124 noa

132 2159 334 2238 intellectos,
360 2161 429 2225 imo
455 2160 633 2244 impeditos
657 2167 707 2225 tot
728 2161 840 2237 etiam,
867 2170 904 2225 ut
929 2162 1079 2226 historiae
1105 2163 1234 2226 veritas

133 2263 343 2328 elucesceret.
388 2261 502 2347 Atque
522 2264 570 2327 uti
589 2264 641 2329 tus
657 2266 667 2297 ‘
682 2263 1010 2329 commentationem'
1029 2284 1123 2330 suam
1141 2265 1233 2329 illam

133 2366 189 2430 ille
212 2368 373 2444 nominat,
389 2375 422 2430 et
444 2367 507 2431 illa
526 2386 659 2450 quoque
681 2368 717 2431 iu
737 2366 933 2432 Ciceronem
955 2386 1018 2431 sua
1032 2375 1235 2432 commenta·

133 2471 194 2549 ria,
209 2471 285 2553 ipse
304 2467 643 2534 ‘commentationes’
662 2469 730 2555 (sic
748 2473 832 2535 euim
854 2472 888 2534 in
910 2470 1052 2535 sanatis
1071 2469 1167 2533 libris
1187 2470 1233 2534 le·

133 2571 236 2656 gitur)
262 2581 373 2639 vocat.
426 2573 545 2638 Tertio
571 2592 639 2635 non
665 2574 772 2637 solum
799 2573 1030 2657 antiquitatem
1056 2573 1090 2636 in
1117 2574 1236 2656 specie

134 2673 304 2740 enodandi
326 2677 477 2741 studium
496 2688 531 2740 et
554 2675 776 2753 consuetudo,
789 2675 974 2740 Ascanium
995 2675 1095 2759 hujus
1117 2683 1236 2740 aucto·

134 2797 204 2842 rem
234 2797 311 2843 esse
334 2779 409 2844 libri
435 2780 659 2844 verisimiliter
682 2782 823 2863 probat;
854 2778 1042 2843 sedetiam
1070 2799 1133 2861 par
1160 2778 1235 2859 ejus

136 2881 302 2945 scribendi
322 2899 397 2945 cum
416 2884 480 2948 hoc
501 2883 585 2948 libro
606 2882 728 2966 stylus,
743 2882 772 2945 si
793 2882 870 2965 quis
891 2880 1064 2964 diligenter
1086 2879 1235 2943 attende·

134 2983 189 3047 rit.
234 2982 437 3068 Quanquam
464 3006 604 3051 necesse
628 2992 683 3050 est
708 2982 1010 3050 dissimilitudinem
1034 3002 1109 3046 esse
1132 3001 1238 3066 quan·

136 3084 212 3149 dam
239 3088 274 3151 in
301 3088 470 3153 nonnullis
493 3098 630 3173 propter
653 3090 783 3169 generis
809 3085 975 3152 scribendi
998 3085 1236 3150 diversitatem.

137 3187 225 3254 Nam
242 3190 275 3253 in
289 3189 484 3273 fragmentis
500 3192 533 3255 in
545 3191 739 3256 Ciceronem
755 3191 857 3253 etiam
873 3188 1124 3271 grammaticum
1139 3207 1236 3270 agere

136 3292 283 3374 cogitur:
307 3292 362 3357 hic
380 3313 461 3358 vero
481 3293 676 3357 historicum
693 3293 876 3375 praecipue,
891 3291 972 3374 quia
987 3290 1077 3354 uitas
1092 3292 1238 3353 breviter

136 3409 180 3456 ex
203 3393 354 3477 professo
378 3393 552 3468 describit,
564 3413 630 3458 non
655 3404 765 3458 autent
788 3394 933 3476 aliquem
957 3403 1137 3470 auctorem,
1154 3399 1237 3474 puta

137 3493 268 3579 poe'tam
285 3495 339 3560 vel
354 3507 515 3561 oratorem
531 3498 680 3581 exponit.
725 3495 793 3561 Sed
809 3503 917 3559 tamen
934 3494 1152 3559 animadverti
1171 3493 1240 3559 lroc

136 3601 224 3669 libro
245 3601 424 3667 clausulas
442 3619 517 3663 eum
539 3619 607 3664 nou
631 3606 721 3664 recte
746 3599 892 3682 incipere
913 3599 956 3661 ab
978 3597 1031 3661 his
1049 3596 1240 3681 particulis,

136 3809 216 3873 vari
230 3807 311 3885 fleri,
326 3806 391 3871 nisi
412 3803 498 3870 illud
520 3807 684 3870 tribuatur
698 3805 849 3869 historias
866 3803 1000 3868 direrso
1019 3802 1148 3886 generi.
1189 3800 1238 3866 At

137 3919 226 3976 certe
249 3911 301 3974 uti
323 3909 439 3975 brevis
460 3909 531 3973 illic
553 3916 616 3986 est,
630 3915 664 3974 et
684 3909 764 3973 nihil
786 3908 821 3971 in
836 3907 906 3972 illis
919 3904 1123 3988 fragmentis,
1137 3904 1174 3967 in
1187 3902 1237 3969 di·

136 4013 248 4080 cendo
269 4013 455 4093 redundat3
480 4013 531 4077 ita
552 4010 609 4075 hic
630 4028 767 4097 quoque
788 4017 823 4073 et
843 4007 999 4094 quaedam
1024 4007 1137 4084 uerba,
1157 4024 1237 4089 quar

138 4115 372 4181 Ciceronianis
400 4117 484 4182 forto
511 4135 579 4180 non
606 4115 787 4199 placerent,
814 4119 852 4178 ut
879 4112 935 4177 hie
968 4116 1108 4194 usurpat
1133 4109 1239 4175 veluti

137 4220 439 4297 ⁴·ueotericss,'&c.
456 4228 560 4304 atque
576 4217 743 4302 quosdam
756 4215 913 4300 loquendi
928 4213 1063 4290 modos,
1075 4215 1136 4299 qui
1150 4214 1237 4278 deli-
