3022 5026
257 419 262 429 .
331 377 448 427 onroo
473 374 610 424 onnrrs
635 375 816 424 nonnus.
852 358 1009 427 onem.
1174 360 1217 425 77

123 529 222 608 pente
245 520 426 586 duodecim
448 519 599 584 vultures
621 519 833 602 apparuisse,
848 521 1030 585 subsecuto
1052 521 1133 585 ooeli
1154 520 1217 585 ful·

123 645 201 708 gore
227 625 349 708 pariter
371 623 568 705 tonitruque.
612 624 644 685 4.
666 622 754 686 Τιιιιι
770 619 948 700 Romulus,
965 621 1069 701 Quid,
1095 624 1216 707 inquit,

123 728 242 805 Reme,
259 725 404 790 affirmas
419 727 541 808 priora,
567 743 643 788 curn
668 726 848 807 praesentia
870 725 1053 788 intuearisl
1076 724 1218 805 Remus,

121 837 301 914 postquam
316 829 479 892 intellexit
493 847 569 890 sese
584 845 683 907 regno
698 825 899 903 fraudatum,
917 826 1039 902 Multa,
1050 828 1169 910 inquit,
1181 829 1217 891 in

121 933 186 997 hac
200 933 282 994 urbe
297 938 419 996 temere
442 937 576 1012 sperata
601 936 702 1012 atque
725 935 919 1011 praesumta,
934 929 1126 994 felicissime
1142 948 1219 1012 pro-

122 1042 261 1098 ventura
285 1043 375 1097 sunt.
419 1034 451 1097 5.
474 1031 523 1097 At
549 1051 628 1096 vero
652 1031 804 1096 Licinius
834 1030 950 1096 Macer
974 1032 1034 1096 lib.
1059 1050 1084 1095 1.
1109 1032 1219 1110 docet,

122 1138 344 1202 contentionis
360 1136 451 1200 illius
466 1135 689 1217 perniciosum
708 1134 836 1198 exitum
851 1133 974 1208 fuisse3
997 1154 1142 1217 namque
1157 1135 1219 1198 ibi·

122 1240 198 1303 dem
214 1239 411 1303 obsistentes
424 1232 589 1301 Remum¹
606 1243 639 1300 et
651 1236 848 1300 Faustulum
857 1237 1059 1302 interfectos.
1082 1242 1114 1302 (i.
1133 1237 1219 1302 Con-

121 1349 173 1406 tra
188 1342 349 1420 Egnatius
365 1341 424 1405 lib.
441 1348 488 1403 ι.ω
516 1342 550 1403 in
569 1359 610 1403 ea
634 1340 845 1403 contentione
867 1359 934 1404 non
955 1340 1057 1404 modo
1074 1339 1220 1404 Remum

121 1465 184 1508 non
213 1464 288 1508 esse
316 1445 475 1520 occisum,
497 1443 557 1507 scd
581 1443 682 1507 etiam
706 1443 845 1506 ulterius
870 1462 890 1505 a
917 1441 1063 1506 Romulo
1092 1443 1219 1506 vixisse

121 1547 232 1610 tradit.
276 1548 308 1609 7.
332 1545 398 1608 Sed
415 1547 531 1609 horum
548 1546 692 1607 omnium
716 1544 930 1626 opinionibus
944 1543 1085 1607 diversis
1101 1565 1218 1629 repug-

121 1656 178 1714 nat
192 1652 332 1734 [nostrae
351 1648 519 1711 memoriae
535 1643 790 1728 proclamans,¹¹]
806 1646 945 1709 historia
958 1644 1127 1725 Liviana,⁰
1143 1669 1219 1732 queo

584 1825 764 1845 ΟΙΟΙΜΙΙΜ

155 1943 221 1993 Cne.
231 1957 315 1993 xxnr.
349 1942 584 1992 evitaturum.
609 1941 649 1990 Ex
665 1940 732 1990 serie
749 1939 921 2005 precedentis
932 1940 1056 1990 orationis
1069 1946 1156 2003 posset
1170 1941 1220 2002 legi

120 2009 277 2058 intellexisset
287 2025 322 2069 se,
333 2009 453 2070 qttiahaec
464 2008 599 2070 praeterita
611 2007 773 2069 precedunt.
806 2007 901 2055 Verum
914 2005 972 2056 telis
984 2007 1102 2069 enallage
1114 2022 1163 2054 non
1178 2015 1220 2056 est

122 2072 293 2138 infrequens!
304 2075 439 2123 Arnen-ti
451 2074 518 2121 Vide
531 2079 584 2121 not.
599 2072 695 2134 Delplr.
709 2070 804 2122 int-t
816 2072 918 2121 ‘Locus
929 2083 1064 2136 corruptus
1076 2081 1117 2121 est
1127 2080 1154 2120 et
1162 2088 1222 2121 con·

121 2141 257 2189 clamatus.
275 2140 371 2188 Forsan
384 2138 538 2202 (pericnlum
551 2136 639 2186 fucere
657 2137 750 2201 liceat)
766 2137 873 2200 scripsit
888 2145 981 2186 soctor
1000 2140 1032 2186 nd
1049 2141 1155 2186 snstrnnt
1171 2152 1219 2185 nte·

120 2206 220 2254 morinus
233 2219 389 2267 protensam,-
405 2205 430 2251 it.
441 2219 464 2251 e.
477 2219 533 2268 qna
547 2211 633 2251 nostra
644 2217 746 2268 qnoque
758 2212 836 2252 etate
847 2203 972 2260 creditur,
983 2203 1015 2252 ad
1031 2212 1143 2251 nostram
1160 2217 1219 2266 per-

122 2272 193 2319 senit
205 2278 318 2331 aetsteru,
328 2281 355 2318 et
368 2269 478 2330 vulgaris
494 2277 535 2317 est
555 2268 683 2329 narratio,
701 2269 771 2332 stqni
784 2269 871 2317 Livius
886 2268 940 2330 ipse
954 2267 1218 2332 1.⁴l.2.·rn1gatior,'

121 2337 171 2398 sit,
193 2334 282 2384 ‘lama
307 2344 359 2394 est,
381 2335 493 2383 ludibrio
514 2333 600 2383 fratris
617 2334 725 2383 liernnm
747 2348 826 2383 noros
846 2334 1002 2383 transiluisse
1021 2333 1142 2382 muros2'
1159 2334 1219 2382 vide

122 2401 157 2449 ibi
172 2403 343 2464 interpretes:
360 2415 417 2448 cunr
429 2408 583 2461 ceterorum,
595 2413 658 2462 qnos
672 2398 791 2448 Aurelius
807 2400 903 2455 landet,
914 2401 1068 2463 scriptorum
1081 2413 1161 2463 opera
1177 2401 1218 2447 vel

121 2466 254 2530 perierint,
267 2468 305 2516 rei
320 2480 368 2514 non
381 2465 447 2514 adeo
459 2464 558 2513 luerint
571 2467 681 2525 cognite,
694 2463 804 2528 ideoque
815 2465 916 2514 illorum
929 2465 1041 2513 narretio
1053 2466 1219 2527 ignoraretur

121 2533 206 2594 volgo.
239 2532 397 2581 Arntzenins
408 2531 532 2594 explicat,
543 2530 626 2579 ‘clare
637 2530 768 2592 nperiens,
779 2531 804 2578 in
814 2530 899 2579 media
912 2532 968 2579 luce
981 2531 1109 2579 collocans
1121 2529 1152 2579 ad
1161 2545 1220 2578 nos·

122 2606 188 2644 tram
200 2612 280 2662 usqne
299 2596 444 2646 memorium
457 2595 473 2656 ς’
490 2605 586 2653 temen,
595 2611 624 2644 se
635 2594 735 2645 fatetur
747 2609 779 2643 ex
790 2596 838 2644 lrsc
858 2593 1012 2645 difficultate
1024 2610 1073 2644 non
1085 2595 1218 2655 expedire.

121 2663 252 2711 Gronerns
266 2665 345 2711 verba
358 2662 410 2718 iila,
423 2671 542 2726 tanquam
555 2660 588 2708 ab
598 2661 683 2709 aliena
704 2675 781 2708 menn
793 2658 921 2724 prolecta,
933 2662 1004 2710 uncis
1023 2661 1078 2726 [qni
1090 2678 1104 2709 a
1116 2662 1218 2710 Schott.

122 2727 218 2775 Gaesb.
233 2729 327 2789 Deiptr.
344 2728 433 2776 Pitisc.
447 2727 538 2775 Arnts.
556 2726 662 2787 absunt]
683 2726 797 2774 inclusit·
830 2727 867 2776 Αι
886 2727 964 2787 enirn,
977 2726 1025 2774 lroc
1038 2741 1111 2775 nrere
1127 2728 1218 2774 vnlnns

121 2800 150 2840 et
160 2806 256 2847 secare,
268 2807 316 2840 non
328 2807 419 2840 sanare
432 2791 491 2840 mihi
504 2792 604 2840 sidetnr
617 2808 624 2840 z
642 2799 669 2840 et
681 2792 809 2852 Klotsins,
819 2793 922 2840 omnino
934 2807 965 2841 es
974 2791 1089 2856 rejicere,
1102 2791 1219 2852 religioni

121 2857 170 2905 sibi
184 2857 256 2906 ducit
265 2858 289 2905 in
303 2857 447 2906 Miscellan.
459 2857 549 2907 Critic.
561 2872 586 2920 p.
599 2861 639 2905 ts.
652 2857 695 2920 qni
707 2857 815 2921 corrigit
830 2867 857 2907 et
869 2859 986 2921 exponit,
996 2863 1101 2906 nostram
1112 2859 1219 2905 memori·

617 3012 721 3063 NOTAE

122 3128 188 3176 ritnr
210 3127 255 3175 sol.
288 3126 391 3177 Cedunt
418 3136 459 3176 ter
484 3134 595 3191 qustnor
618 3128 650 3175 de
693 3124 993 3190 uisnt'rnstraqnident:
1012 3139 1069 3174 cnm
1088 3139 1169 3190 neque
1186 3125 1218 3175 de

121 3204 187 3253 colo
200 3219 311 3266 corpora
329 3214 419 3254 sancta
431 3205 535 3268 Avium,
551 3219 651 3268 praepe·
693 3204 768 3252 Ennii
781 3218 840 3250 vern
850 3203 987 3265 scripturn,
998 3216 1081 3266 neque
1093 3218 1143 3265 qno
1161 3220 1219 3266 per-

122 3280 192 3329 tibus
204 3296 270 3343 sese,
280 3282 426 3345 pulcrisque
438 3283 503 3330 locis
517 3281 597 3330 donu'
693 3282 776 3329 tineat
799 3281 857 3345 ejus
873 3278 1054 3345 fragmentum,
1074 3281 1136 3330 satis
1158 3297 1219 3331 con·

153 3357 269 3407 'Ibidem
296 3359 435 3407 obsistentes
462 3356 576 3420 Remum]
610 3357 652 3406 De
693 3365 752 3406 stet.

121 3434 204 3483 Remo
219 3433 362 3482 lintion
396 3433 652 3483 ludecnmnlterca·
724 3441 737 3467 ¹³
752 3434 849 3484 Nostro
865 3435 982 3485 memorie
998 3435 1154 3500 proclamem]
1177 3436 1218 3487 An

120 3510 193 3558 tione
205 3509 345 3571 congressi,
357 3510 499 3559 certamine
511 3511 605 3559 irarum
618 3509 650 3560 sd
693 3510 725 3561 sd
750 3512 895 3561 memoriam
923 3522 1036 3563 nostram
1069 3515 1218 3576 pertinens?

120 3584 219 3635 cadent
239 3592 384 3650 vertuntur,
399 3586 433 3635 ibi
451 3587 477 3636 in
494 3588 570 3637 turba
585 3588 651 3638 ictus
692 3590 774 3641 Immo
787 3591 872 3655 potius
883 3606 939 3655 qna
954 3597 961 3620 ‘
974 3594 1098 3641 memorie
1113 3592 1219 3657 nostra,'

120 3663 217 3713 Remus
230 3661 334 3711 cecidit.
692 3677 780 3716 nostro
803 3675 920 3731 tempore
940 3669 1037 3732 scripto
1057 3678 1118 3730 est,
1142 3671 1183 3733 qni
1203 3687 1218 3720 n

152 3745 170 3770 ¹²
189 3738 309 3798 Egnatius
321 3738 362 3789 lid.
377 3740 409 3804 n]
426 3741 469 3790 De
488 3742 597 3805 Egnatio
609 3759 651 3792 sn·
691 3732 857 3792 trecentena
874 3743 1003 3806 nosjotsrs.
1038 3745 1217 3796 Auctorenim

119 3830 167 3879 pra
186 3816 283 3864 dictum
305 3824 359 3878 est,
383 3817 482 3868 Ennius
502 3821 580 3868 etiam
600 3821 650 3869 Re·
691 3819 858 3884 liujuslibelli
870 3819 1131 3885 equnnluitmno:
1151 3825 1217 3882 unde

120 3906 188 3942 mum
211 3909 226 3940 a
246 3893 355 3942 Romulo
369 3905 425 3943 'non
441 3892 521 3944 titisse
540 3897 649 3947 occisum
691 3909 742 3945 non
755 3905 852 3946 temere
869 3898 982 3962 conjecit
999 3898 1077 3949 Joan.
1096 3899 1217 3951 Metellus

121 3967 225 4016 videtur
243 3969 348 4018 innuere
363 3984 421 4019 cnm
443 3972 488 4028 sit,
507 3973 587 4022 ‘Nec
608 3975 650 4037 poi
691 3987 748 4022 enm
760 3988 816 4022 esse
829 3973 965 4023 docenium
978 3975 1021 4039 qui
1034 3975 1132 4024 Livium
1143 3991 1217 4027 snum

120 4043 194 4092 lrnrno
207 4044 649 4112 qnisquamfacietimpnnesnimn-
691 4048 758 4099 dixit
776 4051 802 4098 in
823 4049 973 4114 fragmentis
990 4052 1131 4103 Ciceronis.
1165 4055 1216 4105 Sed

121 4128 162 4169 tos
175 4120 242 4185 Hoc,
254 4123 301 4171 nisi
314 4130 352 4180 tn,
363 4138 421 4172 narn
434 4125 467 4173 mi
480 4125 565 4174 calido
576 4126 649 4178 dabis
690 4126 723 4175 de
734 4127 843 4191 hocjam
855 4143 941 4193 snprn.

120 4199 360 4262 ssuguinepoenss.'
382 4200 471 4252 Quare
483 4202 580 4253 Psnlns
590 4205 648 4255 Me·
721 4212 733 4237 ⁰
759 4204 871 4256 Historia
897 4205 1013 4272 lisinec]
1039 4208 1106 4259 Lisii
1135 4211 1216 4262 rerba

121 4272 177 4322 ruis
195 4289 241 4339 pm
251 4276 371 4340 Egnatitn
382 4293 461 4343 snpra
477 4279 582 4346 legebat
596 4283 647 4333 En·
688 4291 765 4335 snst‘:
785 4285 941 4351 ‘vulgatior
958 4283 1027 4339 ιἰιιιι
1043 4295 1084 4339 est
1103 4288 1215 4340 ludibrio
