3022 5026
498 375 681 425 nsannsrr
710 376 915 447 rannrrrp.
1227 362 1252 427 9

159 523 294 588 definite
308 523 517 589 indicantur:
540 520 745 586 Amtaenins
768 521 844 606 ipse
863 523 980 599 multa,
996 542 1072 607 quse
1099 543 1143 588 ex
1164 525 1251 589 anti·

158 628 283 710 quitate
298 632 358 691 aut
371 626 512 690 historia
525 625 650 690 rectius
663 626 837 709 explanari
851 625 1042 702 debuerunt,
1054 627 1148 692 sicco
1163 627 1250 711 pede

157 732 293 809 transit;
316 735 432 795 contra
447 729 481 792 in
497 729 584 806 aliis,
609 748 704 811 ssepe
730 729 910 792 leuioribus
933 735 993 793 aut
1016 730 1249 797 minutioribus

157 833 256 898 rebus
269 832 347 896 loca
361 835 509 895 veterum
523 835 581 896 aut
595 832 778 895 sententias
786 831 984 915 judiciaque
999 832 1136 897 aliorum
1150 836 1250 899 nimis

156 934 317 1009 cumulat,
332 940 366 997 et
380 942 503 1017 praeter
512 953 582 997 rem
596 942 650 997 est
665 935 837 1018 copiosus.

201 1037 420 1103 Grunerianae
433 1038 586 1102 editionis
600 1037 675 1102 baec
688 1043 741 1102 est
751 1038 929 1121 inscriptio
939 1041 1003 1103 :-‘
1016 1037 1111 1102 Sexti
1122 1038 1251 1106 Aurelii

64 1190 66 1195 .
156 1141 305 1205 Victoris
319 1140 470 1205 Historia
480 1139 638 1205 Romana
649 1159 693 1204 ex
706 1141 899 1204 recensione
910 1145 943 1204 et
954 1159 1033 1205 cnm
1044 1141 1251 1206 animadver-

152 1245 308 1308 sionibus
319 1244 553 1329 criticisatque
564 1243 799 1310 historicisto.
810 1243 1059 1309 Frid.Gruneri.
1091 1243 1250 1326 Coburgi,

156 1345 339 1412 altar-83
377 1344 549 1411 Grunerus
564 1347 821 1430 omnibusque
838 1346 1033 1412 adhibuerat
1044 1345 1249 1428 dederatque

154 1447 366 1529 Arntzenius,
376 1450 548 1527 subsidiis,
558 1456 676 1534 praeter
684 1449 937 1514 ealectionibus
947 1449 1086 1513 duorum
1096 1449 1249 1514 codicum

157 1551 491 1637 Guelferbytanorum
511 1553 632 1637 suique
654 1553 774 1637 ipsius,
788 1557 890 1636 (quos
912 1554 947 1618 in
967 1552 1168 1635 praesatione
1187 1570 1250 1619 sue

155 1654 313 1721 describit
327 1656 535 1738 laudatque)
548 1655 769 1736 intelligenter
780 1674 874 1730 usus,
888 1654 1063 1737 permultis
1076 1653 1163 1720 loeis
1181 1674 1250 1720 me-

153 1759 273 1823 liorem
286 1759 452 1823 medelam
475 1765 536 1823 ant
555 1777 601 1822 ex
618 1758 759 1822 historia
782 1758 922 1840 antiqua
944 1757 1118 1821 clariorem
1141 1758 1250 1824 lucem

156 1863 291 1927 attulit:
314 1880 440 1926 errores
454 1859 605 1926 Victoris
619 1859 830 1942 investigavit
845 1859 1047 1942 diligentins,
1064 1867 1165 1943 atque
1178 1879 1250 1926 cor-

154 1965 245 2028 rexit
259 1964 379 2029 scitius
399 1964 600 2046 uberiusque
615 1983 715 2048 quam
730 1963 930 2029 Arntzenins
950 1962 1075 2045 aliique
1095 1962 1250 2047 interpre-

155 2075 208 2131 tes
219 2067 381 2131 iecerant:
399 2073 436 2130 at
449 2066 706 2150 profectioribus
714 2073 749 2130 et
758 2066 896 2130 eruditis
908 2066 1033 2150 potins,
1043 2084 1145 2149 quam
1150 2066 1249 2151 juve·

154 2171 265 2243 nibus,
281 2189 344 2233 nec
361 2176 521 2233 accurata
533 2189 640 2234 rerum
653 2170 897 2252 verborumque
914 2168 1104 2250 cognitione
1125 2170 1248 2249 tinctis,

155 2291 254 2355 opem
270 2272 354 2336 tulit
399 2270 482 2354 Ipse
498 2272 531 2335 in
548 2271 748 2355 praefatione
769 2272 818 2336 ita
840 2272 883 2335 de
899 2291 961 2335 sua
975 2282 1079 2355 opera
1093 2271 1249 2340 disserit:

155 2375 364 2439 ‘Historiam
379 2376 491 2458 ipsam
509 2376 802 2440 observationibus
819 2374 904 2439 varii
929 2376 1059 2457 generis
1081 2376 1249 2441 illustrare

155 2478 280 2543 studui.
324 2479 433 2557 Quam
449 2478 583 2562 quidem
598 2478 805 2561 diligentiam
821 2498 864 2543 eo
879 2480 986 2560 magis
1009 2480 1248 2558 necessariam,

155 2580 405 2664 lectoribusque
420 2585 545 2662 grutam
559 2580 631 2644 sore
646 2588 738 2646 ratus
763 2601 850 2659 snm,
867 2582 959 2664 quod
975 2582 1038 2646 bos
1054 2582 1248 2666 scriptores,

155 2703 243 2766 quos
264 2684 465 2768 eloquentiae
482 2704 547 2749 non
562 2684 647 2748 adeo
668 2703 822 2766 magnam
848 2683 983 2748 laudem
998 2704 1123 2749 merere
1136 2687 1249 2768 negari

155 2788 283 2870 nequit,
305 2793 454 2852 nontam
478 2787 668 2852 Latinitatis
689 2806 806 2863 causa,
821 2807 923 2872 qnam
947 2793 1082 2870 propter
1094 2807 1146 2852 res
1161 2807 1249 2872 quas

155 2895 300 2965 narrant,
311 2890 377 2972 legi
388 2893 613 2955 memineram.
640 2889 766 2973 ltaque
780 2889 816 2953 id
828 2890 990 2972 agendum
1004 2890 1086 2954 mibi
1098 2891 1249 2972 inprimis

154 2993 282 3073 putavi,
299 3003 336 3056 ut
350 2994 457 3057 minus
472 2993 644 3074 diligenter
657 2993 701 3057 ab
715 2993 758 3056 iis
772 3004 907 3055 narrata
927 2992 1114 3067 emendare,
1129 2993 1247 3055 obscu-

156 3095 222 3158 rius
237 3103 345 3160 autem
361 3098 465 3161 relata
476 3097 646 3162 declarare
668 3095 1019 3159 animadversionibus
1033 3094 1119 3157 meis
1134 3093 1249 3159 stude·

153 3199 245 3261 rem.'
287 3199 411 3264 Critice
426 3206 552 3263 tautum
576 3206 683 3281 atque,
703 3198 862 3262 historice
888 3197 1046 3261 tractarit
1067 3203 1247 3264 auctorem.

155 3299 278 3383 Neque
296 3309 405 3364 tamen
421 3301 498 3364 aliis
521 3299 656 3381 reliquit
681 3317 804 3381 pauca,
823 3317 900 3382 quas
923 3298 1042 3362 melius
1057 3299 1250 3380 corrigenda

155 3412 217 3465 aut
230 3403 355 3465 rectius
376 3401 590 3483 explananda
614 3400 816 3465 viderentur.
860 3400 1035 3483 Equidem,
1052 3401 1112 3486 qui
1138 3421 1247 3486 neque
1359 3451 1361 3455 .

154 3504 423 3568 commentarium
436 3506 633 3568 uberrimum
649 3501 825 3581 conficere,
839 3523 950 3589 neque
964 3523 1083 3570 novam
1099 3504 1178 3570 dare
1197 3524 1248 3570 re·

154 3608 347 3672 censionem
359 3608 551 3686 voluissem,
565 3627 607 3672 ea
622 3613 760 3682 tantum,
781 3627 860 3692 qum
872 3607 1043 3690 magistris
1050 3609 1248 3693 juvenibus·

23 3756 26 3764 -
154 3730 220 3794 que
235 3710 410 3774 videantur
423 3710 510 3775 scitu
525 3712 620 3776 utilia
632 3718 668 3775 et
689 3709 736 3774 'ad
758 3711 1039 3794 interpretandum
1064 3710 1248 3791 intelligen·

154 3812 299 3896 dumque
311 3812 484 3877 Victorem
496 3814 696 3886 necessaria,
707 3820 936 3890 annotaturus,
951 3823 1054 3898 atque
1069 3813 1246 3880 editionem

154 3916 333 3981 admodum
347 3917 531 4001 parabilem
556 3924 743 4000 paraturus,
759 3919 807 3981 ita
831 3919 865 3981 in
889 3918 955 3981 boc
975 3937 1077 4001 opere
1093 3925 1246 3983 versatus

154 4028 293 4097 sum,ut
311 4027 505 4086 contextum
529 4039 552 4086 a
575 4019 740 4097 Gruuero,
762 4017 975 4083 Arntzenium
1001 4027 1039 4083 ut
1069 4021 1246 4103 plurimum

154 4130 285 4202 secuto,
301 4125 517 4213 constitutum
532 4132 801 4206 correctumque,
827 4124 872 4187 ab
894 4122 1005 4206 operis
1029 4123 1246 4208 repetendum
