3022 5026
379 379 428 424 oo
453 377 575 425 snxuo
599 378 771 426 auauuro
798 378 970 428 vrouono.
1159 361 1209 428 33,

253 521 348 585 Idem
363 521 406 584 de
421 519 509 584 Ans.
525 519 647 601 Regio.
662 526 739 584 tom.
756 538 780 586 ι.
797 542 874 606 cap.
887 525 920 586 1.
936 544 971 607 p.
983 524 1056 591 1:38.

159 643 287 708 Victori
301 639 414 704 Taciti
429 638 570 721 vestigia
584 639 694 721 legero
706 659 780 706 mos
793 649 859 705 est.

324 807 461 891 Lipsius
475 807 556 893 Syll.
570 809 685 873 Burm.
700 815 777 874 tom.
793 826 818 873 ι.
834 810 931 895 epist.
946 812 1001 877 25.

159 928 284 994 Victor·
300 946 369 991 non
384 946 491 1010 usque
506 947 640 1012 quaque
657 929 806 1013 placebit
824 931 899 1008 tibi,
914 932 1036 1012 brevis,
1051 937 1206 1003 concisus

115 1032 150 1095 in
174 1051 220 1108 re,
245 1031 279 1094 in
298 1029 409 1092 verbis
432 1030 561 1094 sciolus
586 1040 624 1095 et
643 1032 827 1101 affectator.
871 1033 966 1113 Quid
987 1038 1094 1120 agasl
1117 1040 1209 1104 solus

116 1139 228 1198 tamon
242 1134 297 1198 ille
311 1132 459 1217 reliquus
474 1152 518 1198 ex
533 1134 693 1219 antiquis.

421 1284 518 1351 Idem
533 1285 575 1350 de
590 1284 854 1374 Amphituoap.
869 1291 902 1355 6.

159 1407 285 1471 Durum
301 1405 365 1472 hoc
388 1406 468 1470 milri
491 1407 561 1490 ipsi
571 1408 744 1486 videretur,
757 1410 824 1474 nisi
840 1409 1012 1476 Victorem
1027 1414 1209 1497 cogitarem

115 1515 149 1574 at
163 1511 329 1593 reliquam
336 1509 410 1593 ejus
426 1506 593 1573 affectatae
608 1510 767 1576 novitatis
783 1512 929 1611 phrasin.

358 1666 542 1732 (lutharius
558 1666 624 1731 Off.
638 1668 741 1734 Dum.
755 1668 844 1753 Aug.
863 1689 920 1738 ιιι.
935 1674 967 1737 1.

159 1772 283 1838 Victor
298 1771 440 1857 scriptor
453 1768 645 1836 Africanus.

427 1937 587 2004 Barthios
603 1935 745 2003 Advers.
760 1955 835 2003 mv.
848 1941 902 2006 18·

162 2058 312 2140 Scriptor
326 2057 480 2140 praeclari
489 2055 612 2139 judicii
627 2056 785 2122 Aurelius
800 2057 934 2137 Victor,
950 2060 1007 2144 qui
1026 2062 1212 2128 charactere

118 2164 241 2244 cuique
262 2159 330 2223 iere
346 2158 498 2241 Principi
520 2157 704 2242 attingendo
726 2179 855 2242 paucos
876 2162 1011 2225 omnino
1032 2182 1132 2246 pares
1154 2164 1213 2229 ha·

117 2265 187 2342 bet,
203 2263 303 2327 modo
319 2262 363 2325 sit
377 2262 579 2326 emendatus.
622 2263 682 2342 (Et
697 2264 801 2348 paulo
818 2262 927 2347 posu)
942 2265 1027 2328 Sunt
1042 2265 1076 2328 in
1092 2266 1213 2330 eodem

119 2368 282 2450 scriptore
300 2364 440 2446 singulis
461 2365 592 2448 paginis
614 2365 727 2448 aliqua
749 2364 948 2448 castiganda
961 2375 993 2432 et
1008 2368 1215 2432 animadver-

120 2470 233 2544 tenda,
249 2468 307 2533 sed
331 2474 442 2533 uotum
465 2468 578 2550 egerit,
593 2468 651 2551 qui
674 2467 740 2531 tole
755 2467 835 2552 quid
858 2470 1006 2546 tentarit,
1027 2470 1091 2533 nisi
1114 2471 1213 2552 plano

119 2577 275 2637 assuetus
291 2571 428 2635 dictioni
442 2569 527 2654 ejus,
543 2576 576 2634 et
594 2576 774 2654 postquam
789 2576 894 2635 totum
911 2572 1091 2655 aliquoties
1105 2576 1214 2656 perle-

119 2676 221 2758 gerit3
244 2684 296 2739 ost
309 2675 394 2738 enim
410 2672 527 2737 Afrum
542 2674 575 2736 in
591 2693 633 2738 eo
649 2691 787 2737 acumen
809 2678 843 2736 et
860 2674 1008 2738 densitas
1030 2678 1213 2742 sententia-

119 2797 192 2842 rum
207 2777 335 2841 nodosa
352 2782 387 2841 et
409 2794 538 2839 summo
561 2775 785 2860 affectatoque
800 2775 910 2840 studio
925 2776 1080 2841 difficilis.
1125 2776 1213 2855 Quae

120 2886 155 2944 et
170 2898 276 2943 causa
291 2877 362 2956 suit,
379 2897 481 2960 quare
498 2877 641 2944 faciliori
666 2879 754 2961 stylo
777 2897 843 2941 non
860 2885 927 2944 tam
943 2879 977 2942 in
993 2878 1148 2960 Epitome
1163 2899 1213 2943 re-

121 2983 211 3048 dacti
226 2981 346 3045 fuerint
362 2980 515 3045 Caesares
530 2980 617 3063 ejus
629 3000 729 3065 quum
744 2999 879 3063 prorsus
895 2980 1082 3063 explicati3
1104 2989 1138 3044 et
1153 2980 1214 3048 oliv

120 3097 170 3151 ter
183 3085 275 3169 loqui
289 3085 362 3167 ipse
371 3083 503 3167 jussus.
548 3084 589 3169 ld
605 3083 696 3166 qood
712 3091 865 3148 veteram,
877 3090 912 3146 et
927 3082 1101 3151 cordatum
1115 3084 1213 3150 etiam

122 3189 315 3274 scriptorem
330 3187 451 3252 secisse
467 3186 549 3250 alibi
566 3185 790 3250 ostendimus..

273 3583 546 3653 GERARDUS-
575 3582 846 3652 JOHANNES
873 3584 1076 3652 VOSSIUS

331 3738 386 3803 De
404 3736 583 3801 Historicis
599 3735 728 3802 Latinis
743 3737 803 3802 lib.
820 3755 862 3801 ιι.
876 3759 950 3825 cap.
967 3741 1018 3803 15.

166 3930 322 3994 Snxrus
348 3921 551 3987 Aunssuros
574 3922 725 3988 Vror’on
753 3924 869 3987 itidem
895 3925 983 3988 vix-it
1010 3927 1215 4009 temporibus

123 4029 269 4096 Arcadii·
284 4034 318 4089 et
337 4024 492 4101 Honorii,
507 4046 546 4090 ac
562 4027 604 4091 de
620 4029 697 4090 vitis
718 4026 965 4108 Imperatorum
986 4015 1215 4093 Romanorum

122 4135 290 4219 epitomen
304 4129 402 4194 iecit:
424 4151 564 4214 eamque
580 4130 623 4195 ad
638 4130 820 4195 Theodosii
835 4150 945 4214 usque
955 4150 1131 4196 excessum
1144 4154 1217 4218 per·

123 4238 231 4302 duxit.
274 4230 441 4296 Contenta
465 4234 539 4299 haec
567 4233 715 4317 epitome
740 4242 805 4311 est,
831 4254 908 4299 cum
937 4255 978 4299 ox
1005 4235 1215 4320 Tranquillo,

189 4352 278 4418 Delpl.
288 4355 311 4400 et
328 4349 385 4400 Ver.
398 4352 462 4401 clos.
647 4353 730 4403 Aurel-
745 4352 808 4403 Vtct.
1130 4355 1152 4404 C
