3022 5026
503 371 682 420 astruas.
719 371 801 420 can.
826 372 866 420 x.
1167 357 1233 425 879

136 520 252 586 sidus‘
271 518 496 603 apparuisset,
511 516 619 594 Istud,
634 517 755 601 inquit,
770 516 814 579 ad
834 534 942 597 regem
959 515 1135 582 Persarum
1159 537 1231 601 per·

135 625 229 701 tinet,
253 623 306 687 oui
330 620 472 703 capillus
497 618 660 684 effusior*
703 617 838 684 Deinde
860 618 1011 682 ventris¹
1033 618 1143 685 eluvie
1163 620 1231 686 ses-

136 732 206 795 sus',
216 731 251 790 et
265 743 454 807 assurgens,
470 723 632 800 Stantem,
644 722 704 800 ait,
712 723 947 806 imperatorem
963 719 1125 786 excedere
1135 725 1232 791 terris

136 825 242 893 decet

597 924 776 947 “nunnae

140 1023 315 1075 defectionem
327 1026 410 1075 solnta
420 1023 436 1084 ς’
451 1024 559 1074 Sueten.
586 1038 667 1088 qnare
677 1038 728 1073 uon
747 1024 836 1086 placet
853 1021 1067 1074 Germanicorum
1078 1031 1107 1073 et
1118 1023 1232 1076 Gallico·

137 1105 194 1140 rttm
205 1091 392 1156 exemplarium
402 1088 432 1139 rb
442 1089 566 1152 ingluvie!
581 1089 683 1139 Sebott.
717 1089 828 1152 legitate
839 1091 918 1139 etiam
931 1087 991 1138 ΑΜ.

627 1218 740 1270 Notis

168 1318 314 1368 ‘Cdsitsst
333 1317 412 1382 sides]
431 1317 532 1368 ‘Stella
553 1317 580 1366 iu
602 1318 668 1366 eoelo
704 1316 806 1373 ducent.
824 1323 852 1368 et
870 1316 966 1367 nummi
984 1322 1011 1366 et
1028 1315 1128 1379 lapides
1147 1325 1231 1367 osteu-

136 1397 232 1446 orinita
248 1394 432 1460 apparuisset!
464 1395 572 1445 Sueten.
593 1398 668 1446 abt.
703 1393 777 1443 dunt.

138 1468 414 1523 Cometamroesmus.
734 1476 748 1504 ¹
764 1469 859 1519 Deinde
880 1469 982 1533 miris]
1012 1468 1101 1520 ‘ilisa
1124 1478 1232 1532 repente

140 1597 145 1607 ,
170 1558 182 1584 ·
200 1551 247 1599 Cei
254 1547 473 1614 eapillsseffssior]
487 1546 545 1598 ‘Ad
558 1547 666 1597 Partho·
702 1561 782 1612 usque
798 1546 831 1596 sd
848 1545 1024 1597 deiectionem
1041 1547 1232 1611 soluts,lnrpe·

138 1642 193 1676 rura
221 1641 308 1691 repent
336 1626 381 1691 qui
408 1625 546 1689 capillatur
579 1621 666 1672 esset!
701 1631 814 1673 retorem
826 1627 947 1687 stantem,
959 1623 1006 1681 ait,
1019 1623 1081 1673 mori
1093 1623 1233 1689 oportere!

137 1702 245 1753 Sueten.
274 1700 390 1762 ibidem,
409 1715 480 1766 ‚ergo
508 1701 601 1751 Parthi
623 1700 666 1765 qni
702 1701 844 1751 Suettius.
856 1703 898 1750 2⁴.

138 1780 242 1828 Persa:
261 1791 305 1828 eos
316 1784 403 1828 sutem
418 1777 554 1841 capillatur
567 1785 666 1828 veteres

591 2176 699 2245 ΟΑΡ.
726 2177 777 2244 Χ.

441 2331 476 2378 τ.
500 2329 662 2380 suavius
686 2329 960 2382 vssrsstsuus.

179 2455 211 2519 l.
234 2453 366 2531 TinuS,
390 2450 561 2517 vocabulo
582 2449 692 2535 patris
720 2449 822 2515 etiam
847 2449 1079 2535 Vespasianus
1105 2452 1230 2532 dictus,

135 2563 239 2619 matre
252 2556 373 2620 liberta
387 2553 588 2620 Domitilla·
610 2553 746 2617 nomine
769 2553 908 2634 genitus,
930 2550 1110 2637 imperavit
1125 2574 1230 2618 anuos

136 2656 233 2731 duos,
256 2663 289 2719 et
311 2674 441 2719 menses
472 2655 569 2730 duos,
593 2652 734 2736 diesque
759 2654 885 2734 viginti.
929 2653 962 2718 2.
985 2654 1057 2720 Iste
1083 2674 1104 2719 a
1127 2675 1231 2738 puero

136 2757 309 2840 praeclaris
325 2754 477 2833 studiis,l>
488 2755 680 2839 probitatis,
699 2753 842 2831 militiae,
865 2755 1035 2820 literarum
1059 2757 1230 2820 instantis-

136 2860 219 2923 sime
235 2859 458 2942 deditusque
474 2856 689 2932 contenderit,
705 2855 807 2920 animi
821 2862 855 2921 et
874 2860 1024 2941 eorporis
1038 2859 1230 2922 muneribus

136 2962 293 3027 ostendit.
337 2961 370 3026 3.
394 2960 464 3025 Hic
489 2959 547 3024 ubi
573 2958 690 3042 patriae
713 2976 825 3047 euram
850 2960 1012 3042 suscepit,
1036 2961 1230 3027 incredibile

136 3072 201 3142 est,
217 3070 387 3150 quantum,
400 3083 496 3148 quem
512 3061 713 3141 imitabatur,
727 3063 889 3137 anteierit,
902 3065 1073 3147 proeeipue
1085 3063 1231 3127 elemen-

593 3210 770 3231 ΝΙΜΙΙΙΟ

169 3312 238 3362 Car.
253 3325 281 3361 x.
315 3315 328 3360 l
347 3311 475 3361 Donisilia
492 3310 567 3361 laeid.
582 3315 606 3361 2.
625 3309 685 3361 Ald.
701 3318 728 3360 et
747 3310 807 3359 edd.
820 3313 934 3360 vett-8
954 3311 1084 3371 Quantum,
1095 3325 1151 3374 quus
1168 3309 1229 3360 Aru.

136 3374 238 3426 Sebott.
250 3376 348 3426 Gaerb.
363 3377 457 3441 Delpir.
470 3377 559 3426 Pistre·
576 3377 793 3440 ‘Quantumqsm
803 3375 894 3425 uuett.
912 3375 1018 3425 brida.
1032 3384 1060 3425 et
1076 3391 1153 3440 snpra
1171 3391 1230 3426 arte·

136 3451 178 3491 tor
189 3441 221 3490 de
234 3442 509 3505 Caesaribtts,qttorrtnr
523 3443 661 3492 lectionem
682 3442 767 3490 rirrnat
781 3440 853 3490 Laid.
865 3445 891 3491 8.
910 3441 954 3503 qni
976 3443 1051 3503 lspsu
1070 3443 1229 3490 amanuensis

136 3513 293 3580 quantamque
304 3515 486 3572 representat,
497 3517 526 3557 ut
536 3507 569 3557 ad
581 3509 663 3557 solum
675 3507 864 3571 Vespasianum
874 3516 975 3572 patrem
986 3506 1131 3558 reseratur)
1142 3508 1230 3558 Arstr.

630 3634 739 3688 NOTAE

167 3743 180 3770 ⁸
197 3735 277 3784 distre
292 3733 380 3784 liberte
397 3735 534 3798 Desrits'llu]
549 3736 558 3765 ⁴
571 3737 663 3787 Flavia
696 3737 783 3788 statim
804 3736 920 3800 eorporis
943 3735 1073 3800 animique
1089 3734 1164 3784 dotes
1184 3749 1230 3783 ex·

135 3813 272 3864 Domitilla
298 3812 395 3861 statuti
423 3812 539 3874 Capellae
567 3815 665 3878 equitis
697 3814 903 3878 splenduerunt;
921 3815 1001 3876 magis
1020 3811 1229 3875 armagisdein·

135 3890 211 3939 Rom.
223 3886 386 3937 Sabratensis
396 3899 428 3936 ex
441 3885 531 3938 Africa
542 3887 664 3950 delegata
698 3907 761 3956 repa
778 3906 826 3956 per
844 3893 929 3942 etatis
942 3891 1047 3955 gradus,
1056 3893 1105 3939 dre.
1139 3888 1230 3939 Armo-

135 3966 206 4026 olim,
216 3964 364 4024 Latineque
372 3961 537 4026 conditionis,
545 3964 591 4013 sed
603 3979 663 4014 max
699 3985 754 4019 rum
763 3980 791 4021 at
800 3969 932 4034 equitandi
942 3969 1119 4032 peritissimus,
1128 3968 1228 4018 Larisa

135 4043 247 4100 ingenua
257 4046 286 4091 et
295 4040 358 4089 ciris
370 4039 485 4089 Romam
498 4049 664 4102 recuperato·
699 4044 855 4110 orareque
866 4045 969 4105 tingue,
978 4044 1019 4092 rel
1031 4044 1056 4092 in
1067 4043 1175 4103 orando,
1186 4043 1228 4092 rel

136 4119 175 4167 rio
198 4117 299 4180 judicio
326 4115 516 4182 pronuntiata.'
557 4117 664 4168 Sueten.
699 4120 725 4169 iu
742 4119 869 4182 fingendis
886 4119 1046 4183 poimstibus
1064 4125 1229 4180 promineat

135 4195 314 4258 vespam-8.
698 4194 783 4247 facitis
802 4196 836 4246 sd
855 4196 1108 4262 extemporalitatem
1129 4193 1229 4262 usqae?

155 4269 201 4321 ‘A
210 4285 282 4335 μιαν
289 4268 519 4335 preclarisstsds'is]
528 4269 574 4323 ‘lu
581 4285 664 4338 psers
698 4272 807 4324 Sueten.
818 4286 842 4323 c.
852 4275 879 4322 s.
