3022 5026
253 354 320 422 atu
555 369 668 421 snxrr
693 369 855 419 ananau
881 368 1055 418 vroronrs

254 517 400 598 devicit:
423 534 569 601 moxque
582 505 843 598 angarismam?
855 517 912 600 qui
922 517 1069 601 receptis
1081 516 1254 594 militibus,
1264 540 1351 603 quos

254 618 410 686 Mursiua
424 619 541 684 labes⁸
561 619 707 701 reliquos
726 618 858 694 fecerat,
879 618 1001 683 bellum
1025 619 1273 703 duplicaverat.
1316 623 1349 688 3.

255 722 324 787 His
340 740 512 806 prospere,
533 740 574 786 ac
597 740 703 805 supra
724 728 803 786 vota
825 721 1038 799 cedentibus,
1059 741 1149 786 more
1172 724 1352 802 hominum,

255 823 414 889 secundis
436 824 592 901 solutior,
616 843 684 887 rem
707 821 897 889 Romanam
922 825 1022 907 quasi
1051 824 1224 908 naufragio
1248 826 1351 905 dedit,

255 947 328 992 cum
347 926 503 991 Salonino
519 922 612 1002 lilio,f
626 926 681 990 cui
703 924 864 990 honorem
879 924 1028 990 Gaesaria
1043 926 1249 1003 contulerat,
1263 928 1351 993 adeo

255 1030 304 1093 uti
319 1029 497 1093 Thraciam
509 1029 636 1094 Gothi⁸
647 1029 750 1093 libere
765 1030 945 1112 progressi,
962 1028 1173 1125 Maccdonas
1188 1029 1353 1095 Achaeoa·

255 1152 321 1215 qne
344 1140 377 1198 et
392 1131 487 1198 Asiae
502 1132 643 1196 finitima
658 1139 879 1215 occuparent:
904 1125 1191 1230 Mesopotamiam
1216 1132 1351 1198 Parthi:

256 1233 386 1319 Orienti
407 1236 552 1300 latrones
573 1254 633 1300 sen
655 1231 793 1305 mulierh
810 1233 1065 1304 dominaretur:
1089 1234 1352 1300 Alamannorum

254 1338 309 1401 vis
324 1342 402 1403 tnnc
418 1334 532 1421 aeque¹
560 1336 715 1417 ltaliam3
742 1336 944 1401 Francorum
961 1331 1104 1419 gentos,k
1120 1335 1253 1420 direpta
1269 1336 1351 1402 Gal·

255 1438 312 1517 lia,
330 1439 534 1524 Hispaniam
555 1438 778 1524 possiderent,
795 1446 927 1505 vastato
942 1459 983 1504 ac
999 1460 1098 1524 poene
1120 1438 1253 1523 direpto
1268 1439 1353 1504 Tar·

255 1543 486 1608 raconensinm
507 1538 656 1625 oppido,¹
675 1543 852 1624 noctisque
874 1542 908 1605 in
934 1548 1083 1626 tompore
1106 1542 1352 1626 navigiis,pars

254 1642 289 1708 in
309 1663 417 1729 usque
433 1643 584 1710 Africam
599 1652 803 1726 permearet:
826 1653 862 1709 et
877 1644 1004 1709 amissa
1023 1650 1112 1710 trans
1125 1643 1259 1722 Istrum,
1270 1665 1349 1728 qua:

256 1892 313 1929 esse
322 1878 347 1926 iu
355 1883 408 1926 ret.
420 1876 465 1926 lib.
477 1877 692 1928 testatancbntt.
720 1878 782 1926 Mox
794 1874 825 1922 sd
838 1877 918 1927 rerba
931 1877 1107 1939 Regillinuam,
1119 1876 1178 1926 ride
1188 1878 1249 1928 Not.
1258 1877 1353 1942 Delph-

254 1943 406 1993 -awere
412 1945 541 2007 progressi.
560 1945 628 1993 erid
638 1944 658 1993 si
668 1942 804 2008 pergressi?
816 1956 889 2006 aqua
901 1957 964 1992 roca
973 1952 1035 1993 atas
1047 1945 1091 1991 ills
1103 1956 1152 1992 non
1163 1944 1303 1992 abborruit.
1321 1943 1353 1992 ln

255 2009 309 2058 Ma.
322 2008 428 2058 truecto
439 2007 494 2057 sera
505 2009 637 2064 scribitur,
654 2009 809 2071 aspiratione
822 2008 846 2054 in
860 2009 997 2058 secandam
1007 2007 1131 2072 syllabam
1143 2007 1353 2058 insistamus.

254 2074 338 2136 Supra
349 2080 375 2122 nt
388 2075 413 2121 in
426 2074 551 2124 Thraciam
562 2075 658 2123 masrrlt
671 2073 761 2122 Arnta.
780 2072 1104 2124 PraetereaAlcmosnorum
1114 2074 1283 2138 obtusaque
1292 2083 1353 2122 ante

257 2139 358 2190 Schott.
370 2139 516 2201 legebatur.
550 2140 737 2188 Alamannorum
746 2139 782 2186 cis
792 2138 860 2201 conj.
872 2139 992 2202 Sylburg.
1010 2139 1077 2187 Vide
1088 2137 1150 2188 Not.
1159 2139 1254 2202 Delph.
1271 2146 1278 2167 ‘
1290 2139 1353 2187 Seu·

257 2204 296 2254 sni
308 2201 436 2252 satisfacit
448 2205 601 2269 conjecturs
617 2204 756 2267 Sylburgii,
776 2203 823 2251 nisi
835 2205 939 2268 paulum
956 2203 1049 2264 frigeat
1062 2209 1117 2252 tanc
1128 2219 1200 2267 aque·
1232 2205 1353 2252 Fortasse

255 2269 362 2317 nirniom
375 2284 390 2316 a
402 2269 482 2318 ‹trietu
493 2272 626 2318 literarum
639 2270 736 2317 abirem
749 2282 887 2330 reponens,
895 2268 1021 2318 Alemanni
1033 2269 1153 2317 libatiam
1161 2275 1231 2330 atque
1239 2269 1350 2317 ltaliam:

257 2335 295 2383 uti
307 2334 416 2383 Orosius
434 2345 483 2383 vit.
496 2339 537 2383 22.
554 2335 695 2383 ‘Germani
715 2333 834 2393 Alpibus,
851 2333 962 2396 Rhatia,
978 2341 1084 2397 totaque
1097 2333 1171 2382 ltalia
1183 2332 1355 2396 penetrata.’'

257 2399 344 2448 aasz.
380 2399 498 2461 Denique
514 2401 521 2427 ⁸
534 2400 620 2448 Persis
631 2413 711 2463 osque.
730 2398 839 2447 Vetusta
851 2399 944 2458 lectio;
964 2397 1030 2445 unde
1043 2397 1131 2446 divisis
1144 2397 1299 2446 dictionibus
1311 2397 1352 2447 Cl.

257 2464 392 2515 Puteanus
404 2473 430 2513 et
444 2464 503 2514 Nic.
514 2465 598 2515 Faber
607 2479 664 2528 pnrs
675 2465 700 2513 is
711 2478 782 2527 usque
793 2463 906 2525 Africus
914 2469 1077 2528 pcrmccrcst:
1094 2463 1156 2512 illud
1173 2470 1258 2512 tamea
1269 2461 1355 2512 malo-⁹

749 2576 856 2628 NOTAE

288 2667 503 2730 lucretianum]
535 2667 587 2717 Alii
616 2669 787 2731 Regilliosass,
827 2666 958 2716 Olirarins
974 2665 1086 2731 legebat,
1096 2666 1281 2716 summa
1297 2671 1353 2715 tanc

257 2744 298 2792 rel
316 2745 392 2793 unico
409 2745 425 2800 l,
446 2745 607 2807 Regilianum.
626 2744 785 2808 anaspu-
825 2745 878 2807 equi
901 2744 1008 2805 italicar,
1027 2744 1174 2792 Froscorass
1198 2748 1291 2805 gestes,
1316 2744 1354 2791 di·

256 2819 304 2879 us,’
319 2819 466 2882 Regilioaus.
485 2821 724 2884 Atllegntinuus,a⁸
737 2824 785 2872 lie·
825 2825 893 2884 repta
917 2820 1009 2882 Gallis,
1030 2819 1174 2883 Hipnaiors
1191 2819 1353 2882 possiderent:

257 2896 342 2961 galis!
367 2897 446 2947 Hauc
464 2897 691 2947 ‘Trebellianum’
710 2907 785 2947 vocat
826 2910 885 2946 nam
902 2895 1039 2945 Alernanui
1054 2896 1170 2958 equitatu
1190 2904 1290 2947 tautum
1311 2910 1355 2944 va·

256 2974 366 3039 Eutrop.
376 2983 500 3038 corrupte
512 2984 540 3022 ut
553 2982 626 3037 puto.
825 2973 889 3021 lent.
922 2973 978 3035 Ego
992 2985 1052 3019 sero
1070 2985 1119 3021 non
1138 2971 1298 3020 incommode
1318 2971 1355 3020 le·

289 3050 427 3113 ⁸Recepra
449 3049 574 3110 sutilibus,
594 3065 651 3114 quos
675 3050 786 3100 Murrina
827 3051 853 3114 gi
872 3064 947 3115 posse
967 3050 1089 3105 arbitror,
1101 3048 1232 3099 sumno
1247 3064 1299 3099 rurs
1316 3049 1354 3098 os's

256 3126 331 3190 lobes]
349 3126 445 3175 Pollio:
465 3127 632 3191 ‘Imperator
649 3134 689 3177 est
700 3126 785 3177 sactus
827 3136 883 3179 tunc
898 3144 963 3192 aeque
983 3130 1094 3185 ltaliam,
1105 3130 1252 3179 aroanna
1271 3134 1355 3190 gestes

257 3203 408 3255 auctoribus
431 3205 533 3269 imperii
555 3206 646 3255 bloesis
666 3206 785 3270 quicum
825 3207 920 3270 direpto
938 3206 1031 3268 Gallia,
1042 3205 1187 3269 Hispaniam
1197 3204 1354 3269 possiderent.

193 3323 197 3329 .
258 3279 710 3346 Ingenuosnerantantecaperati!
826 3281 1013 3333 Alenosnorsrs
1051 3282 1099 3342 ais,
1130 3295 1177 3343 pro
1212 3279 1355 3329 ‘Aleman-

285 3356 300 3410 4'
313 3357 427 3408 Salonino
438 3357 508 3423 silio]
529 3358 664 3406 Saloninus
680 3357 713 3406 de
732 3372 785 3408 rna·
827 3357 885 3420 nis,’
904 3367 932 3408 ut
950 3358 987 3406 oia
1005 3357 1118 3406 Herculia
1136 3371 1183 3421 pro
1201 3343 1356 3413 ‘Hercules

257 3435 593 3499 trisuominedictnuquae
608 3434 783 3484 CorneliaSa·
825 3438 875 3484 dra.
910 3430 912 3436 ’

256 3511 345 3562 tonina
364 3511 431 3573 Pipa
458 3509 610 3559 dicebatur:
639 3509 693 3568 alii,
715 3509 785 3575 quod
858 3508 1032 3560 'Francorum
1047 3505 1142 3570 gestes]
1169 3508 1262 3557 Franci
1279 3506 1354 3557 iidem

257 3586 326 3652 apud
338 3587 446 3637 Salonas
457 3595 543 3635 natur.
827 3588 887 3636 olim
899 3588 942 3651 qrri
959 3585 1091 3636 Germani.
1125 3585 1159 3634 m
1179 3587 1186 3614 ⁸
1198 3583 1356 3634 Germauoa'

289 3673 302 3708 s
320 3663 445 3713 Tiresiam
456 3660 543 3723 Gotlri]
555 3661 640 3712 Pollio
650 3663 674 3712 in
688 3662 786 3713 Gallie·
829 3672 903 3714 vocat
926 3665 1037 3727 Eutrop.
1055 3676 1119 3726 quor
1141 3662 1184 3712 bic
1205 3658 1356 3712 ‘Fraoeon'

257 3739 315 3789 nli:
333 3747 340 3769 ⁶
353 3740 435 3790 Gothi
453 3749 480 3789 et
499 3739 615 3801 Clodius,
627 3739 659 3787 de
671 3755 722 3803 qrro
734 3740 789 3789 dic·
829 3743 837 3770 ‘
851 3742 995 3796 Alemanni.
1007 3740 1116 3790 vastatis
1133 3739 1235 3802 Galliis,
1244 3738 1270 3787 ln
1281 3736 1355 3785 ltali-

258 3817 502 3881 tanseatsuperius‚
513 3817 647 3879 occupatis
658 3817 788 3874 Thraciis,
830 3833 870 3868 arn
888 3820 1055 3881 irruperunt:
1082 3816 1205 3866 Germani
1228 3825 1305 3876 risum
1327 3810 1353 3858 in

260 3894 439 3946 Macedoniani
461 3902 605 3952 vastarunt,
626 3894 788 3943 Thessaloni·
830 3895 979 3960 Hispaniam
1001 3896 1250 3957 penetraverunt,et
1263 3887 1355 3936 cirita-

258 3987 314 4023 eam
327 3970 494 4030 obsederunt,
506 3984 702 4034 nequeusqnam
714 3971 787 4035 quim
829 3981 881 4021 tens
903 3972 1016 4021 nobilem
1033 3972 1203 4020 Tarraconem
1223 3975 1353 4025 expugna·

258 4048 427 4098 mediocriter
444 4047 556 4097 salutem
577 4054 711 4096 ostentare
733 4047 788 4096 risa
827 4047 942 4098 verant.'

259 4123 317 4174 est.'
861 4123 1092 4174 'Tomeosessian
1114 4114 1210 4179 oppido]
1245 4113 1354 4178 inipso

291 4199 303 4233 i
321 4199 421 4262 Mulier]
439 4200 554 4250 Zenobia
563 4200 676 4250 Odenati
690 4215 763 4250 rosor.
826 4201 902 4250 uraris
914 4194 1101 4249 Mediterranei
1114 4189 1275 4256 littoralem
1287 4207 1303 4242 e
1314 4208 1353 4243 re·

302 4275 508 4327 tau-ranas
523 4277 561 4325 nis
577 4277 627 4341 [ci]
645 4283 700 4327 taso
710 4278 787 4343 σαμε]
826 4279 900 4342 gions
912 4276 1069 4326 Balentium.
