3022 5026
219 340 286 408 242
514 354 629 406 snxrr
652 352 814 404 aunnnrr
840 352 1012 402 vrcueurs

220 500 335 588 quinio
356 498 465 578 toret,k
491 500 522 565 si
547 519 606 584 per
632 496 780 576 Quirites
814 495 917 562 modo
941 497 1064 562 militia
1086 504 1310 565 exerceretur.

219 606 274 672 13.
295 603 422 669 Verum
436 603 494 667 nbi
509 603 602 669 cives
617 600 748 666 desidia
762 606 918 665 externos
941 600 1166 685 barbarosque
1192 602 1226 664 in
1248 622 1309 666 ex-

220 709 357 775 ercitum
370 726 489 788 cogere
499 705 605 770 libido
619 705 758 770 incessit
768 706 794 784 3³
816 705 985 786 corruptis
1002 704 1154 768 moribus
1168 703 1309 768 libertas

220 827 386 894 oppressa
399 817 500 891 atque
511 806 655 872 habendi
671 813 805 870 auctum
821 805 980 870 studium.
1010 806 1064 870 14.
1080 805 1217 870 Interim
1229 805 1309 870 dum

220 920 358 978 senatus
376 906 531 976 decreto¹
554 917 680 991 gentem
707 908 890 984 Caesarum,
916 910 1015 972 ctiam
1037 908 1190 972 muliebri
1215 928 1311 987 sexu,

220 1034 420 1098 omnemque
450 1013 641 1079 affinitatem
669 1012 786 1075 armati
814 1018 1074 1093 persequuntur,
1104 1012 1189 1074 forte
1212 1030 1311 1088 unus,

220 1123 343 1184 ortns¹¹¹
364 1117 472 1200 Epiri,
493 1136 513 1180 e
533 1115 740 1190 cohortibus,
755 1133 832 1196 quae
847 1114 1008 1198 palatium
1025 1134 1083 1196 per
1099 1120 1310 1196 opportunos

218 1220 314 1285 locos
328 1217 541 1295 obsidebant,
564 1217 640 1281 Tib.
657 1215 839 1281 Claudium
854 1217 1101 1280 occultantem¹¹
1126 1234 1162 1277 se
1187 1216 1313 1296 reperit

219 1323 365 1388 latebra:
386 1327 622 1404 protractoque
648 1339 702 1397 eo,
725 1319 898 1383 exclamat
920 1316 1010 1402 apud
1026 1318 1150 1394 socioS,
1168 1319 1196 1382 si
1218 1320 1311 1402 sapi-

217 1431 287 1501 ant,
303 1422 422 1490 adesse
444 1424 638 1506 principem.
681 1423 735 1486 15.
752 1422 795 1487 Et
811 1441 893 1485 sane
910 1421 991 1504 quia
1002 1439 1120 1485 vecors
1143 1429 1224 1498 erat,
1250 1423 1311 1487 mi·

221 1526 373 1592 tissimus
386 1522 559 1590 videbatur
574 1525 836 1608 imprudentibus
849 1543 858 1603 3
882 1544 956 1606 quae
984 1543 1039 1586 res
1065 1522 1240 1587 adversum
1255 1545 1313 1588 ne·

220 1627 339 1693 leriam
355 1625 621 1711 patruiNcronis
632 1635 645 1663 ⁰
656 1634 795 1693 mentem
813 1627 953 1701 auxilio,
963 1644 1072 1707 neque
1084 1625 1173 1707 apud
1185 1625 1313 1689 fratrisp

203 1731 326 1799 ‚filium
341 1729 527 1813 Caligulam
543 1731 681 1796 invidiae
693 1731 775 1795 fuit:
799 1731 879 1814 quin
897 1730 997 1793 ctiam
1011 1728 1170 1791 militares
1186 1727 1312 1811 plebis-

222 1854 287 1919 que
302 1834 431 1899 animos
445 1833 694 1910 conciliaverat,
709 1832 787 1897 dum
804 1833 962 1915 flagrante
978 1838 1136 1895 suorumq
1161 1829 1312 1894 domina-

220 1936 321 2010 tione,
344 1935 416 2016 ipsc
438 1938 618 2000 contemtui
645 1934 869 1999 miserabilior
894 1933 1094 1999 haberetur.r
1135 1933 1189 1996 16.
1211 1931 1311 1996 Talia

222 2038 390 2122 plerisque
412 2039 683 2117 memorantibus,
713 2048 851 2121 repente
875 2057 962 2116 eum,
985 2037 1076 2100 nullo
1100 2039 1313 2113 retractante,

226 2201 231 2214 '
255 2215 270 2251 ὀ
285 2219 321 2269 m
330 2223 447 2283 prosim
456 2218 531 2268 nrm
540 2217 635 2278 sacrm
643 2219 733 2281 sagro
749 2220 877 2282 reputato
891 2223 988 2272 eoem
996 2221 1096 2283 suren,
1110 2224 1184 2286 sper
1195 2222 1315 2271 nmmos

223 2285 317 2332 tantm
326 2284 414 2332 nilbia
423 2283 693 2342 mmotrmasoimr.
729 2284 777 2333 Ubi
794 2285 893 2345 ignaria
910 2287 973 2335 mres
988 2287 1072 2344 subiit,
1086 2288 1184 2338 accersit
1194 2287 1316 2349 cupiditas

222 2352 348 2399 mmor
357 2351 381 2397 et
390 2346 502 2396 maturos
509 2347 672 2400 inexercitum
682 2349 768 2412 tegere.

680 2461 843 2482 mu
846 2461 860 2480 O

225 2560 316 2610 ciem
327 2558 429 2611 Scbott.
438 2556 535 2609 Greci).
546 2557 642 2673 Deiglr.
652 2556 811 2608 Pitho-lt
827 2558 959 2608 Maluerit
972 2559 1032 2608 eicis
1048 2559 1139 2610 desidie
1158 2560 1313 2612 ornis-rr

228 2625 308 2676 Unius
318 2630 384 2675 ortu
393 2639 478 2674 omncs
490 2632 587 2688 praeter
621 2637 705 2672 rnner.
712 2623 772 2688 Bip.
781 2623 877 2682 etsortc
885 2624 899 2653 '
907 2626 977 2674 raim
986 2631 1049 2674 ortas
1059 2626 1158 2690 Delph.
1181 2626 1315 2677 Tentrbat

226 2691 287 2740 olim
297 2690 398 2741 Schott.
413 2690 484 2741 terrim
492 2690 553 2738 ortis
565 2690 636 2752 Epiri
646 2689 760 2739 certurio.
782 2689 851 2739 Vide
862 2690 925 2740 Not.
932 2690 1027 2753 Delph.
1053 2691 1117 2740 Turn
1126 2693 1175 2741 Tit.
1189 2694 1315 2742 Clondicus

225 2769 314 2806 omnes
324 2754 380 2805 sere
392 2763 488 2820 preter
498 2754 611 2805 Grnuer.
629 2755 666 2805 Τι’.
679 2754 804 2804 Claudiurn
815 2756 875 2815 Bip.
897 2755 960 2805 Mox
972 2757 1050 2806 verbo
1061 2757 1151 2807 latebra
1163 2766 1315 2820 praeponuct

225 2821 327 2882 dtsorrrri
344 2836 432 2872 omnes
451 2819 513 2871 edd.
531 2828 628 2886 preter
645 2819 823 2870 (irenen-lt
841 2822 914 2870 Petri
931 2822 1035 2871 Neronis
1052 2823 1104 2872 Mr.
1120 2839 1162 2887 cp.
1182 2823 1315 2872 Sciron.-

717 2959 826 3012 NO'l'AE

226 3059 275 3110 dit.
296 3059 404 3111 Sueten.
414 3074 472 3124 cop.
482 3060 530 3110 ult.
542 3058 653 3124 ‘Neque
665 3059 753 3122 conJ'u·
787 3055 904 3114 militem,
915 3072 966 3108 nou
978 3057 1156 3108 centurionem
1167 3065 1243 3108 vocat
1252 3059 1316 3110 Sue·

227 3135 278 3186 rati
299 3136 419 3202 cuiquam
445 3136 580 3201 imperinm
607 3135 751 3186 destincte·
788 3136 884 3192 tonius,
899 3145 926 3186 et
944 3145 1052 3201 usurpat
1068 3136 1315 3200 rbsorte,Clcndio.

225 3210 304 3262 runt!
787 3226 844 3276 cap.
856 3226 885 3260 x.
897 3213 990 3262 Sebett.

259 3287 272 3322 ¹
289 3287 374 3351 Feret]
390 3288 422 3338 Id
434 3288 500 3352 ert,‘
511 3287 621 3339 luisset.'
640 3288 675 3338 Et
686 3287 753 3339 inire
818 3296 831 3322 ¹¹
849 3286 902 3337 lib.
921 3289 1045 3338 cundum
1060 3290 1227 3354 mordentem]
1247 3292 1318 3345 Vide

226 3370 382 3425 minetur,
394 3371 401 3394 ⁸
413 3366 529 3416 exercita
540 3365 648 3417 luisset!
786 3367 893 3416 Sueten.
905 3366 930 3414 in
943 3367 1053 3417 Claudio
1063 3383 1120 3432 cap.
1132 3373 1189 3419 ld‘
1204 3373 1318 3436 Prorep·

261 3443 268 3475 ¹
282 3441 382 3492 &mm
396 3442 500 3507 decreto]
517 3444 557 3493 De
573 3450 676 3493 renatus
694 3458 753 3493 con·
786 3445 821 3493 rit
839 3442 872 3491 cd
889 3445 1010 3493 solarium
1025 3447 1178 3510 proximum,
1199 3451 1318 3513 interque

226 3533 303 3571 scura
320 3519 427 3569 Sueten.
445 3520 565 3584 capuit.
580 3520 754 3571 ‘Etrenrtnr
787 3527 917 3584 praetenta
943 3519 1041 3571 loribus
1069 3525 1128 3574 cels
1149 3540 1177 3573 se
1201 3525 1318 3577 abdidit-⁸

225 3597 253 3648 in
265 3594 400 3647 urercndr
411 3594 533 3647 libertate
540 3597 605 3645 adeo
617 3598 754 3660 consensit,
789 3597 877 3648 Quare
888 3611 938 3647 uon
952 3599 1026 3648 rideo
1037 3613 1084 3649 cur
1100 3616 1157 3649 erm
1175 3600 1318 3653 deformem

226 3679 257 3724 ut
277 3672 351 3723 Coss.
369 3671 450 3735 primo
468 3686 519 3721 nou
533 3672 559 3721 in
575 3672 680 3732 cariam,
693 3675 754 3738 quir
788 3672 913 3722 latebram
926 3684 1003 3724 vocer
1015 3675 1112 3725 Victor.

226 3748 301 3802 tutta
316 3749 466 3807 vocabatur,
485 3746 531 3798 red
550 3748 578 3798 in
600 3748 754 3813 Capitolium
821 3749 938 3798 ⁰Pctrrrr'
954 3751 1068 3813 Neronis]
1085 3752 1181 3812 Patrai,
1191 3752 1250 3817 quir
1263 3751 1315 3801 Ne·

226 3824 419 3878 convocarent!
790 3840 819 3875 ro
839 3824 921 3876 frater
937 3826 988 3877 suit
1006 3827 1093 3883 Drusi,
1109 3828 1153 3891 qni
1171 3835 1248 3890 puter
1266 3826 1317 3876 snit

260 3909 280 3936 ¹
296 3901 447 3963 Fortenses,
457 3899 551 3964 [urim]
561 3901 638 3964 mar]
654 3901 755 3963 Legen·
791 3904 901 3954 Claudii.

229 3975 509 4039 dumsorterorturcrtm
520 3978 591 4042 Epiri
597 3995 606 4036 ,·
619 3977 722 4028 utinfrc
730 3979 756 4029 in
822 3989 835 4022 1¹
854 3984 958 4048 Fratris]
975 3980 1129 4032 Germanici.

228 4053 353 4118 &verost
365 4063 436 4105 ortus
449 4053 565 4115 Medic(
576 4062 603 4103 et
619 4055 627 4080 ⁴
640 4063 697 4104 crte
708 4056 755 4119 Sy·
823 4066 835 4100 r
852 4058 965 4120 Sacrum]
985 4056 1104 4110 Neronis,
1116 4055 1251 4115 Caligula».

229 4129 275 4178 τίη
283 4127 450 4179 Alexandro!
461 4128 531 4181 Quid
539 4131 559 4178 si
570 4131 756 4181 Fortuniusno·
825 4141 834 4166 ¹
850 4135 903 4198 lpse
912 4133 1039 4184 contemtui
1053 4130 1211 4180 miscrubilr'or
1221 4134 1317 4187 tulere·

230 4217 290 4255 mcc
308 4204 346 4254 illi
364 4205 505 4271 proprium,
517 4220 593 4271 quem
611 4207 756 4273 gregarium
793 4207 845 4271 tor]
860 4211 947 4274 lunge
959 4211 966 4239 ‘
976 4207 1113 4259 hebetetur
1124 4212 1285 4265 contemtui?
