3022 5026
408 363 456 411 nn
480 361 602 421 sauro
625 358 797 412 susurro
821 362 997 412 vroroas.
1196 346 1247 411 26

150 528 223 592 cap.
240 506 272 573 8.
287 513 321 571 et
342 505 517 570 Macrobio
538 505 669 589 praelat.
696 504 829 570 Satura.
851 505 1032 572 Plutarcho
1054 507 1088 572 iu
1110 506 1244 575 Catone

151 612 201 675 M.
216 612 376 676 Catonem
391 608 483 692 juste
504 608 548 674 A·
566 609 726 673 Albinum
747 609 1004 692 reprehendisse,
1026 610 1117 694 quod
1138 610 1240 674 bomo

150 713 325 780 &manus
340 710 462 776 Graeca
475 711 624 776 oratioue
636 730 688 775 res
700 720 813 792 gestas
826 710 1047 776 Romanorum
1059 733 1135 777 oum
1149 733 1242 778 com·

149 821 296 902 poneret,
322 816 453 879 veniam
472 824 557 880 aute
585 815 759 898 imperitiae
788 813 948 898 praelatus
975 821 1073 879 esset„
1129 815 1242 883 Porcii

149 920 284 1004 quidem
309 918 447 983 Catonis
473 924 584 982 noster
602 917 771 996 meminit3
795 916 836 982 de
861 915 987 982 Albino
1012 938 1090 982 vero
1108 920 1242 984 verbum

150 1023 289 1086 nullum.
333 1020 432 1088 Unde
447 1021 643 1104 relinquitur
653 1020 726 1085 salli
738 1041 795 1084 eos
808 1021 868 1105 qui
880 1021 1009 1105 Nepoti
1025 1021 1113 1085 hunc
1126 1021 1244 1086 suetum

151 1127 343 1190 attribuunt.
388 1124 494 1188 Porro
509 1125 553 1189 ad
568 1124 693 1209 stylum
708 1124 799 1208 quod
815 1125 946 1200 attinet,
963 1124 1091 1208 Nepoti
1107 1125 1136 1190 is
1151 1124 1243 1207 abju-

151 1229 253 1305 dicat,
276 1227 368 1311 qnod
393 1228 539 1292 illustres
562 1227 650 1290 viros
672 1228 845 1310 copiosius
872 1227 1051 1310 scripsisse
1074 1226 1243 1309 Nepotem

152 1339 293 1416 apparet
308 1352 351 1395 ex
372 1330 414 1394 T.
431 1330 608 1413 Pomponii
623 1328 730 1395 Attici
747 1332 827 1408 vita,
844 1335 878 1394 et
892 1329 942 1393 M.
960 1329 1073 1394 Porcii
1088 1329 1242 1409 Catonis,

153 1455 228 1518 quac
243 1435 420 1500 dumtaxat
434 1436 479 1498 ab
502 1434 622 1516 injuria
636 1434 794 1517 temporis
809 1434 947 1516 reliquae
961 1440 1047 1498 suut.
1092 1432 1194 1511 Quod
1208 1443 1245 1500 et

152 1537 248 1613 libro,
264 1538 294 1600 si
309 1537 409 1600 modo
425 1536 516 1600 illins
533 1543 596 1612 est,
608 1535 650 1599 de
664 1534 748 1600 Vita
762 1535 1004 1600 Excellentium
1019 1534 1088 1614 (vol
1103 1545 1141 1600 ut
1157 1537 1245 1601 Mss.

153 1641 288 1725 quidam
302 1641 431 1721 legunt,
449 1637 673 1717 Externorum)
688 1637 799 1721 lmpp.
815 1639 948 1720 probari
965 1646 1095 1721 posset.
1117 1638 1246 1704 Noster

152 1761 232 1807 vero
254 1744 304 1806 ita
319 1744 473 1806 concisus
488 1748 610 1804 auctor
631 1747 691 1816 est,
714 1747 752 1805 ut
773 1739 894 1822 Elogia
916 1742 1032 1823 potius
1049 1740 1245 1819 Illustrium,

153 1864 254 1927 quam
270 1846 361 1910 vitas
376 1843 554 1925 scripsisse
567 1843 737 1908 videatur:
761 1843 878 1928 qualia
902 1844 1052 1906 versibus
1080 1844 1246 1926 quaternis

154 1946 304 2011 Atticum
319 1947 529 2010 contexuisse
544 1946 640 2010 testis
656 1952 709 2009 est
721 1944 840 2029 Nepos
851 1946 937 2029 ipse,
952 1951 985 2009 et
999 1944 1142 2009 Plinius.
1166 1944 1247 2010 Plu·

153 2067 192 2114 ra
216 2057 408 2131 argumenta
427 2067 469 2112 ex
494 2048 684 2129 fragmentis
707 2050 830 2113 nostris
857 2048 1057 2132 Nepotianis
1076 2050 1255 2143 ingenioso

154 2151 275 2236 cuique
290 2151 389 2215 facile
412 2151 697 2234 suppeditabunt:
719 2151 779 2215 sed
803 2149 878 2217 hoec
900 2150 1036 2230 facient,
1060 2152 1126 2216 nisi
1149 2152 1246 2217 vehsa

153 2260 276 2319 menter
290 2255 399 2329 fallor,
415 2255 501 2319 satis
517 2254 560 2330 ei,
575 2255 633 2337 qui
647 2274 712 2318 nou
725 2256 859 2319 omnino
874 2256 1031 2338 pertinax
1043 2254 1121 2319 salsi
1137 2261 1247 2339 patro-

153 2376 217 2422 nus
231 2357 453 2441 defensorque
468 2377 542 2421 esse
558 2356 705 2421 voluerit.

108 2462 112 2472 '
197 2459 300 2527 Nunc
323 2460 437 2524 ordine
462 2460 503 2524 de
532 2459 641 2524 Plinio
664 2458 798 2542 Nepote
818 2458 1122 2543 videamus,aquo
1145 2460 1247 2527 etiam

72 2549 74 2553 ¹
155 2563 228 2628 haec
242 2562 441 2627 removenda
461 2561 586 2644 injuria
606 2569 669 2641 est,
691 2580 733 2625 ue
755 2568 873 2628 auctor
894 2562 966 2646 ejus
988 2582 1063 2628 esse
1083 2563 1247 2643 rideatur,

155 2686 266 2749 quem,
292 2667 322 2729 si
348 2666 537 2741 reviviscat,
566 2683 628 2748 pro
652 2685 714 2729 suo
736 2684 926 2747 agnoscere,
950 2675 1006 2731 sat
1026 2666 1112 2743 scio,
1135 2667 1247 2732 nollet.

156 2768 237 2837 Non
251 2769 338 2832 euim
352 2768 442 2833 cadit
465 2768 498 2830 iu
520 2776 590 2831 tam
613 2766 804 2832 soecundum
824 2768 1002 2848 ingenium,
1018 2777 1085 2832 tarn
1100 2768 1200 2846 exile,
1216 2771 1249 2833 et

156 2870 334 2955 plusquam
349 2871 515 2935 sordidum
531 2871 666 2936 aliunde
688 2868 861 2935 mutuandi
877 2869 1033 2934 studium.
1076 2868 1193 2934 Verba
1206 2864 1248 2934 il·

156 2973 224 3038 lius
248 2973 411 3038 ascribere
435 2993 500 3037 uon
517 2975 646 3058 pigebit
659 2993 703 3037 ex
720 2972 864 3056 epistola
878 2973 931 3038 20.
946 2972 1006 3036 lib.
1024 2988 1074 3035 vr.
1091 2971 1135 3036 ad
1147 2970 1248 3037 Corn·

156 3076 320 3153 Tacitum,
336 3077 457 3159 quihus
479 3078 577 3161 hujus
601 3078 705 3142 libelli
730 3083 900 3141 auctorem
923 3075 1060 3159 qnidam
1083 3074 1195 3141 lacere
1210 3090 1248 3139 se

157 3199 260 3263 posse
275 3181 452 3257 conlidunt,
466 3181 556 3264 quod
580 3200 688 3245 anuos
703 3186 802 3245 uatus
824 3177 1064 3258 duodeviginti,
1078 3179 1250 3247 historiam

158 3301 195 3345 sa
207 3285 350 3347 scribere
366 3284 511 3365 coepisse
527 3282 686 3349 affirmet:
710 3279 907 3363 ‘Agebam’
930 3281 1049 3364 iuquit,
1066 3285 1076 3320 ‘
1091 3282 1249 3348 duodevi-

159 3387 322 3451 cesimnm
337 3405 473 3450 anuum.
504 3385 617 3451 Posco
627 3386 748 3450 librum
762 3385 803 3449 Τ.
814 3385 902 3448 Livii
917 3389 951 3448 et
962 3384 1061 3466 quasi
1073 3404 1132 3468 per
1146 3385 1250 3451 odunt

158 3486 246 3571 lego,
262 3494 363 3571 atque
378 3488 489 3562 etiam,
506 3497 543 3552 nt
568 3507 747 3571 coeperam,
768 3483 937 3570 excerpo?
978 3484 1133 3551 Vultisne
1150 3487 1251 3569 igitur

159 3589 229 3655 dari
243 3592 352 3667 vohis,
366 3609 419 3654 res
435 3598 545 3672 gestas
559 3592 732 3658 brevitere
747 3590 845 3654 Livio
863 3589 1073 3673 decerpsisse
1096 3591 1249 3666 Plinium,

158 3694 386 3778 easinquam,
401 3713 477 3776 quae
495 3713 580 3759 nuuc
595 3695 628 3759 in
648 3695 801 3759 inanibus
822 3694 927 3759 eunti
950 3712 1008 3759 cur
1023 3695 1157 3772 amabo,
1174 3694 1250 3758 totu
1362 3708 1363 3711 ’

159 3813 217 3859 eus
240 3795 375 3860 eLivio
387 3794 537 3860 diversus
549 3797 630 3871 abit,
643 3804 677 3861 et
687 3799 865 3880 pugnantia
876 3803 1133 3873 commemorat3
1157 3784 1259 3862 Graes'

160 3916 220 3962 cos
235 3899 270 3961 iu
284 3897 454 3983 plerisque
470 3900 581 3982 potius
597 3905 742 3976 secutus,
756 3906 795 3962 ut
816 3899 1030 3982 Dionysium,
1045 3906 1082 3962 nt
1097 3898 1252 3981 Dionem,

160 4007 199 4064 ut
212 3998 419 4084 Appianum,
435 4007 472 4064 nt
492 3998 733 4091 Plutarchnml
756 3999 826 4064 His
845 4000 943 4081 igitur
958 4001 1042 4064 illud
1058 4000 1251 4085 Epicharmi

160 4103 291 4178 occino,
303 4099 432 4185 pipam
446 4105 584 4168 ἀπιστεῖν.
630 4101 921 4183 Quemadmodum
934 4123 978 4168 ex
993 4105 1200 4171 lineamentis
1209 4106 1251 4171 de

160 4203 315 4288 legitimis
336 4207 450 4273 liberis
477 4216 513 4273 et
535 4206 658 4293 spuriis
679 4205 757 4275 liliis
780 4206 893 4282 εἰκότως
912 4206 1064 4292 judicare
1087 4208 1249 4292 solemus3
