3022 5026
457 401 507 448 nn
530 395 749 446 onslnrnus
773 397 856 447 oar.
878 397 938 445 ιιι.
1183 377 1249 445 289

152 547 252 633 quasi
267 545 377 610 minus
395 541 548 620 credens,
574 543 795 627 praedicaret,⁸
816 541 876 604 vix
902 539 1079 605 convenire
1106 542 1140 605 in
1163 560 1249 618 aum,

152 651 249 735 cnjus
265 648 353 713 vitat
374 647 499 710 nullius
514 647 606 711 oneri
622 652 681 709 aut
696 641 906 709 incommodo
923 650 1025 706 esset.
1068 643 1101 707 8.
1114 645 1181 710 Sed
1198 664 1248 710 re·

150 764 252 840 pente
269 751 369 816 caesis
385 750 530 834 primum
545 749 639 812 vario
661 749 810 811 facinore
836 745 1058 809 innocentium
1081 747 1249 827 pauciori·

150 857 226 934 bus,
242 862 401 937 tanquam
418 853 540 918 belluae
563 852 686 915 hausto
709 851 867 930 sauguine
890 849 1060 930 ingenium
1077 851 1249 915 exercuit:

152 959 269 1039 itaque
285 957 447 1038 deinceps
462 956 634 1019 triennium
660 960 880 1023 consumtum,
903 970 978 1015 oum
995 959 1130 1015 senatus
1147 959 1249 1035 atque

151 1061 266 1143 optimi
294 1060 480 1144 cujusque¹¹
502 1056 680 1139 multiplici
710 1055 804 1120 elada
832 1062 990 1119 terrarum
1020 1055 1114 1118 orbis
1142 1054 1249 1120 loeda·

151 1170 252 1226 retur.
295 1161 327 1225 9.
353 1160 556 1239 Quinetiam
578 1179 724 1224 sororum
747 1167 865 1241 stupro
881 1176 922 1221 ac
937 1157 1157 1221 matrimoniis
1173 1157 1248 1221 illu-

151 1263 235 1328 dens
250 1264 426 1341 nobiliburr,
449 1263 594 1328 Deorum
610 1262 727 1327 habitu
749 1261 938 1338 incedebat,
965 1280 1041 1324 cum
1065 1258 1188 1324 Jovem
1213 1279 1250 1326 se

152 1368 197 1431 ob
223 1369 405 1444 incestum,¹
429 1386 473 1432 ex
498 1367 601 1431 choro
629 1377 744 1430 autem
770 1364 1000 1430 Bacchanali5
1024 1362 1184 1427 Liberum
1210 1383 1249 1428 aa

154 1477 332 1535 assereret·
354 1469 408 1533 10.
425 1468 546 1552 Neque
564 1476 683 1534 secus·
696 1467 876 1533 contractis
889 1465 930 1530 ad
941 1486 1041 1532 unum
1052 1466 1250 1550 legionibus,

612 1616 793 1637 ”euoenon

153 1715 210 1750 cunr
220 1701 330 1751 Schotto
338 1698 474 1762 legendum
482 1704 558 1762 putat
566 1697 806 1756 melioremfomuiata
819 1712 865 1759 pro
873 1697 1097 1756 melioretsoutatoa.
1120 1698 1184 1746 Μοι
1194 1696 1253 1748 ‘Uti

153 1767 212 1816 talia
222 1766 328 1827 regna.
363 1766 447 1813 Locut
458 1773 498 1811 eat
509 1772 647 1826 corruptor
659 1772 686 1811 et
698 1779 712 1811 a
725 1766 801 1812 vart'ir
815 1763 886 1811 varie
899 1772 1023 1812 tentatus.
1052 1765 1180 1828 ligavero
1193 1763 1251 1812 nolo

153 1847 184 1880 ea
195 1840 325 1893 repetere.
334 1845 392 1891 qua
404 1846 418 1877 a
432 1828 613 1891 probabilitate
625 1835 682 1876 tunt
694 1830 840 1878 remotiora.
852 1828 914 1891 (rid.
929 1826 1068 1892 Arutaen.)
1101 1828 1133 1878 Id
1147 1828 1252 1891 quidem

154 1904 193 1944 eat
211 1896 385 1956 menifestum,
403 1894 537 1944 Aurelium
553 1896 619 1942 velle
637 1894 757 1942 callidam
778 1894 902 1955 Caligula
920 1895 1106 1943 aimulationem
1126 1895 1251 1956 indicere,

153 1974 211 2010 eum
224 1976 275 2022 qna
286 1962 420 2022 imperium
433 1961 508 2007 initio
519 1958 717 2009 adminiatratit.
749 1958 884 2009 Grunerua
896 1960 974 2021 igitur
982 1961 1128 2020 auspicatur
1139 1968 1180 2008 eat
1191 1959 1253 2008 dne·

155 2035 233 2089 teque
246 2024 374 2087 probavit,
391 2026 427 2074 ali
439 2025 498 2074 lolio
510 2026 606 2085 iugenio
617 2039 710 2075 certare
726 2024 765 2088 (lt.
781 2039 804 2074 e.
822 2027 897 2073 aliam
911 2033 988 2089 atque
1000 2026 1076 2073 aliam
1089 2026 1120 2073 iit
1137 2026 1251 2087 apetiem

153 2089 291 2154 inducere)
307 2091 380 2139 rotent
391 2091 467 2139 animi
477 2105 568 2148 ream,
578 2099 605 2138 et
617 2091 754 2152 exposuit:
772 2091 898 2152 Caligula.
914 2099 1004 2138 nactut
1016 2098 1181 2153 potentatum,
1200 2104 1251 2139 nou

154 2158 241 2205 atatim
261 2171 293 2205 ex
312 2157 388 2203 animi
408 2155 522 2204 lubidine
542 2155 688 2218 imperarit,
700 2155 745 2202 aed
761 2164 789 2206 nt
808 2158 870 2205 talia
883 2157 984 2217 ingenia
997 2158 1071 2204 aliam
1084 2166 1162 2219 atque
1174 2156 1250 2205 aliam

154 2223 270 2283 apeeiem
289 2220 412 2270 inducere
430 2222 507 2269 auitui
527 2221 654 2283 tentibus,
672 2221 803 2282 simulare,
818 2228 844 2269 et
864 2221 1024 2281 temporibus
1041 2222 1134 2270 callide
1153 2223 1250 2270 servire

154 2287 247 2336 colent.
281 2287 307 2334 lt
328 2297 454 2349 provocat
472 2285 505 2334 de
521 2286 643 2335 rimulata
662 2286 787 2349 caugntae
806 2287 988 2349 popularitate,
1003 2301 1052 2349 qua
1065 2287 1138 2336 initio
1150 2287 1251 2349 imperil

153 2353 239 2401 omnia
254 2353 348 2415 egerit.
359 2352 390 2400 ad
404 2353 475 2401 Suet.
490 2351 574 2414 Calig.
587 2367 609 2400 e.
623 2356 660 2400 lt.
674 2366 713 2415 tq.
748 2350 857 2401 Acutior
875 2362 958 2401 tamen
976 2359 1017 2400 eat
1036 2352 1131 2401 Klotaii
1150 2355 1252 2415 conjec-

155 2428 222 2478 tura,
234 2417 310 2466 docte
323 2417 449 2465 illnttrata
462 2418 486 2465 iu
499 2418 612 2466 Miscell.
623 2418 714 2466 Critie.
726 2431 785 2479 pag.
795 2422 836 2467 ar.
854 2419 891 2466 uti
908 2418 965 2467 tolio
981 2417 1077 2478 iugenio
1091 2433 1158 2465 reret
1174 2417 1214 2494 (lt.
1226 2432 1251 2467 e.

153 2483 279 2546 integros,
292 2497 379 2546 puros,
391 2498 440 2530 nou
453 2481 607 2546 simulatum)
616 2485 690 2531 colent
702 2482 794 2530 animoa
805 2484 901 2532 matirt'
919 2483 957 2545 (b.
971 2496 994 2531 e.
1011 2482 1160 2546 simulate):
1179 2498 1251 2546 taque

153 2549 343 2611 iuterpretatur
361 2550 459 2597 locunt:
479 2547 691 2611 quemadmodum
709 2548 824 2595 imminet
841 2547 966 2612 ejusmodi
984 2549 1095 2610 speciem
1117 2548 1164 2596 viri
1181 2547 1250 2606 boul,

153 2614 260 2675 integri.
270 2623 297 2663 et
315 2613 436 2676 puripra·
449 2612 556 2661 referre
571 2614 665 2672 nolent,
678 2613 714 2661 ita
732 2614 808 2660 etiem
825 2613 942 2672 Caligula
957 2613 1071 2673 egregie.
1103 2613 1179 2661 liano
1191 2628 1251 2663 eon·

150 2679 283 2741 jecturam
303 2677 413 2738 prefero
431 2679 503 2725 alteri
515 2677 642 2740 ejusdem,
658 2679 694 2725 ati
705 2677 764 2724 tolio
781 2677 876 2739 ingenio
886 2683 990 2725 celerant
999 2681 1074 2725 colent
1086 2678 1177 2725 animoa
1187 2692 1251 2727 mett·

154 2743 206 2792 tiri.
239 2743 361 2804 Ejusdem
374 2741 476 2802 quidem
489 2755 589 2797 eeuattt.
600 2744 644 2791 aad
655 2755 671 2788 a
684 2743 816 2789 literarum
829 2743 949 2790 dne-tibur
960 2742 1042 2790 minua
1055 2741 1178 2789 aberrant
1190 2757 1253 2792 cou-

150 2809 253 2870 jecturn
266 2807 325 2855 mibi
339 2808 408 2855 venit
421 2807 446 2854 iu
459 2816 582 2865 mentem,
599 2806 636 2854 ati
647 2806 705 2854 tolio
717 2805 813 2865 ingenio
824 2821 891 2855 neme
902 2806 960 2870 (ant
972 2806 1070 2868 eeten't)
1085 2807 1160 2856 aolettt
1177 2807 1252 2856 ouini

153 2872 250 2921 mentiri
268 2887 356 2920 censat.
390 2871 452 2919 Mox
472 2872 584 2933 egregie.
595 2904 601 2918 .
612 2870 742 2919 ,militibus
757 2885 782 2920 ae
795 2871 870 2931 gessit
889 2879 952 2932 apta
969 2870 1073 2935 quidem
1086 2881 1124 2918 est
1137 2871 1252 2921 Gruneti

155 2938 275 2997 auspicio,
293 2939 338 2984 aed
356 2936 439 2983 minua
458 2935 619 2985 necessaria:
637 2939 701 2983 bene
721 2945 807 2984 tamen
826 2937 847 2984 ia
866 2939 965 3001 recepit
981 2936 1077 2984 Pitltoei
1095 2935 1253 2987 emendatio·

154 3016 213 3050 nem
225 3002 291 3050 inter
305 3006 401 3064 patrea·
417 3016 492 3067 quam
511 3003 639 3050 immerito
658 3000 750 3063 rejecit
768 3000 933 3056 Arntzeuiur,
949 3009 975 3050 et
996 3002 1126 3063 volgatum
1145 3001 1252 3052 retinuit

154 3069 218 3116 later
228 3066 409 3129 portet.'llarl.
443 3067 618 3116 ‘Praedieoret.
646 3067 747 3116 Sclrotti
760 3069 907 3129 conjectura
920 3069 1015 3130 piaret,
1027 3066 1252 3129 proedicooittmox

153 3134 275 3196 Sylbttrg.
287 3132 357 3180 malit
370 3132 430 3180 ualli
440 3134 480 3179 vel
491 3133 552 3182 nulli
562 3146 659 3194 ttrqaotn
671 3145 718 3195 pro
728 3130 833 3180 nullia?
848 3131 923 3181 Harl.
956 3133 1107 3182 ‘Grunerut
1119 3132 1250 3194 vulgetum

154 3204 263 3261 repente.
273 3232 278 3244 .
289 3197 425 3258 degentum
434 3199 542 3246 exercuit
553 3198 659 3259 exponit
672 3198 812 3246 ‘exercere
823 3197 925 3260 eoepit.!.
952 3197 1084 3247 Arntaenii
1094 3198 1253 3261 conjectura,

155 3278 170 3310 a
183 3264 288 3312 Klotzio
301 3266 317 3310 l.
328 3278 361 3312 nr.
373 3278 398 3326 p.
409 3267 449 3312 tr.
460 3278 498 3327 tq.
510 3263 621 3324 probata
631 3271 785 3326 ornateque,
795 3276 845 3325 rep.
854 3295 861 3311 .
870 3263 951 3324 ..inp
962 3264 1062 3321 exeruit,
1073 3263 1097 3310 b.
1109 3278 1133 3312 e.
1144 3274 1251 3326 repente

155 3327 233 3377 iactis
246 3327 370 3390 attendit,
381 3331 484 3389 aperuit
502 3342 553 3392 quo
570 3335 639 3376 eatet
658 3329 770 3391 ingenio,
781 3328 900 3391 majorem
912 3329 990 3377 babet
1003 3328 1211 3390 probabilitatem
1224 3339 1252 3382 at

156 3394 281 3456 gratiam3
297 3395 427 3455 praecipue
445 3407 503 3442 curu
515 3394 567 3441 duo
580 3395 622 3443 illa
633 3391 714 3443 rerba
726 3394 821 3455 tarpiua
832 3392 956 3443 conlundi
974 3394 1058 3443 acient
1074 3395 1099 3442 iu
1111 3394 1174 3442 blaa.
1187 3395 1253 3446 Klo-

156 3461 222 3508 taiua
234 3474 334 3524 quoque
346 3459 469 3522 conjecit.
482 3459 579 3516 extulit,
590 3459 616 3509 b.
628 3473 653 3508 e.
666 3460 787 3523 protulit,
801 3461 924 3517 ostendit,
937 3467 990 3509 turn
1002 3459 1083 3509 videri
1096 3460 1252 3525 poteratqnl

648 3581 757 3632 NO'l'AE

187 3675 366 3740 ¹Prodicum]
378 3676 429 3727 Vel
439 3677 684 3742 subintelligendum
726 3688 778 3731 tou.
790 3695 847 3744 cap.
855 3684 897 3731 td.

153 3755 208 3804 ‘ita
220 3750 275 3811 ot3'
291 3753 331 3801 rel
343 3753 479 3817 legendum
495 3756 645 3817 predicavit.
756 3764 770 3790 ¹
788 3756 824 3806 ol
835 3756 961 3819 iaceattotr]
976 3757 1097 3807 Sororum
1110 3756 1220 3806 scilieet.

188 3834 196 3863 ⁸
214 3830 288 3891 cajus
297 3829 361 3892 etta]
377 3832 486 3882 Sueten.
498 3844 558 3896 cap.
567 3835 608 3882 lt.
624 3833 684 3882 ‘Li·
757 3833 998 3898 interamnam]
1009 3839 1088 3883 outettt
1096 3830 1253 3899 Boeeboaolr]

155 3907 250 3957 bellum
273 3908 305 3955 tle
327 3908 413 3957 aalnte
433 3924 481 3957 aua
499 3908 614 3959 oblatum
633 3924 684 3960 non
726 3909 815 3959 Malim
826 3925 858 3959 ea·
867 3911 936 3959 cloto
943 3925 953 3968 ,·
969 3920 998 3960 ut
1015 3909 1083 3959 inira
1097 3911 1123 3959 in
1141 3912 1253 3973 Epitonr·

157 3984 265 4047 recepit,
276 3983 434 4033 contendent
447 3985 508 4034 nibil
527 3985 575 4034 tibi
592 3985 684 4035 admir-
723 3987 779 4035 ‘Et
791 3986 897 4036 cbotot’
919 3997 995 4037 vocat
1013 3988 1121 4038 Sueten.
1142 4003 1201 4053 cap.
1212 3989 1252 4037 ⁸7.

157 4073 210 4106 tum
227 4073 274 4108 cur
290 4059 408 4124 cuiquam
430 4061 527 4110 invisor
544 4072 622 4126 emet,
639 4077 684 4111 na·
726 4063 911 4113 Bacchantium
924 4064 1003 4113 cboro
1019 4078 1076 4114 tete
1095 4064 1191 4114 Bacchi
1208 4064 1252 4114 ba-

158 4135 278 4198 gatitqua
300 4150 329 4184 te
356 4136 517 4187 delatoribua
542 4152 618 4187 aurea
640 4139 682 4186 ba·
725 4139 781 4187 bitu
794 4139 931 4188 interebat.

158 4210 237 4261 bere-⁹
756 4215 867 4278 ‘Nepae
886 4217 963 4282 aecta]
987 4215 1047 4266 Hoc
1067 4225 1117 4281 eat,
1138 4217 1253 4281 quamtia

191 4287 683 4356 ¹8matatquopttnrcqttqu18oa-
723 4290 793 4342 iuter
807 4291 897 4343 eboroa
914 4305 945 4342 ae
959 4291 1124 4357 rympltoulaa
1141 4294 1252 4344 diacum·
