3022 5026
591 369 704 417 suum
729 368 938 418 suasuris.
1292 355 1315 418 5

224 513 350 597 scripta
372 512 463 591 est;'
486 512 564 576 inde
585 512 710 577 sactum
731 521 768 578 ut
782 532 858 578 curn
873 511 1011 576 doctiss.
1027 512 1049 577 J
1052 532 1156 577 oanne
1172 511 1313 577 Metello

222 616 320 700 hujus
345 615 450 680 libelli
479 622 652 679 auctorem
677 614 865 679 Asconium
891 614 1077 680 Pediaunm
1107 615 1312 680 crediderim.

222 717 324 782 Nunc
345 738 425 782 vero
451 717 649 781 senteutiam
673 717 820 790 demuto,
844 721 879 780 et
904 717 1006 780 verba
1028 716 1086 780 illa
1108 719 1312 800 interpretor,

221 821 402 885 ‘Historia
417 821 558 886 Liviana
581 839 658 904 quse
684 820 854 885 memoriae
876 828 1003 884 nostras
1022 839 1134 885 recens
1155 832 1220 900 est,
1235 842 1311 906 quae

183 931 195 942 “
219 925 521 989 memoriaeuosrrae
535 925 605 1006 βοᾷ,
620 921 765 988 clamat’
809 922 910 988 Nune
926 922 971 988 ad
985 923 1143 1007 reliquos.

264 1025 479 1090 Libellus‘de
488 1024 815 1091 Caesaribus'aSex.
825 1024 963 1091 Aurelio
973 1023 1115 1090 Victore
1127 1044 1201 1088 vere
1212 1026 1314 1110 scrip-

146 1112 151 1120 ⁵
220 1136 275 1194 tus
299 1137 359 1206 est,
374 1132 433 1214 qui
447 1130 509 1193 snb
524 1128 787 1212 Imperatoribus
808 1126 1008 1193 Constantio
1024 1135 1060 1191 et
1080 1126 1103 1192 J
1105 1126 1216 1193 uliano
1232 1147 1311 1193 con·

219 1233 271 1295 sul
297 1232 362 1297 fnit
381 1253 457 1298 cum
477 1230 725 1310 Valentiniano,
752 1252 784 1298 a.
799 1247 975 1298 croexxr.
1020 1230 1099 1315 lpse
1121 1230 1222 1315 plane
1246 1250 1313 1297 sua

218 1339 368 1418 tempora
383 1341 536 1413 testatur,
551 1336 587 1399 in
611 1334 730 1400 Marco
744 1333 910 1400 Antonino
932 1334 1153 1419 Philosopbo,
1170 1335 1204 1398 iu
1218 1333 1241 1399 J
1245 1333 1311 1399 ulio

217 1435 393 1521 Philippo,
407 1437 441 1500 in
457 1435 690 1515 Constantino,
704 1439 765 1501 buc.

259 1538 306 1604 At
328 1539 371 1604 de
393 1540 509 1605 libello
523 1544 535 1575 ‘
550 1540 593 1605 de
614 1540 710 1605 Viris
735 1540 944 1615 Illustrium:
971 1562 1025 1607 res
1048 1541 1149 1627 plane
1172 1543 1311 1608 incerta.

217 1641 302 1707 Eum
319 1642 377 1707 alii
399 1641 556 1709 Cornelio
579 1642 723 1726 Nepoti,
747 1643 804 1707 alii
827 1643 942 1708 Plinio
967 1644 1228 1720 Novocomensi,
1253 1644 1312 1710 alii

216 1743 377 1810 Suetonio
400 1743 589 1810 vindicant:
619 1744 782 1821 nonnulli,
810 1751 845 1809 et
866 1746 900 1809 in
925 1747 967 1810 iis
990 1746 1147 1825 Vossius,
1173 1744 1311 1812 Aurelio

217 1845 361 1913 Victori.
418 1846 499 1911 Non
526 1847 660 1929 exiguae
688 1846 788 1911 molis
818 1854 873 1911 est
901 1853 1012 1914 tantas
1042 1849 1121 1914 lites
1148 1847 1310 1926 dirimere,

217 1969 322 2033 quara
344 1969 402 2014 eas
421 1969 465 2014 na
486 1951 620 2014 tentabo
644 1949 788 2033 quidem.
834 1948 923 2015 Illud
939 1955 1065 2016 tantum
1088 1950 1170 2014 mibi
1196 1970 1310 2017 monu-

216 2053 286 2119 isse
317 2051 475 2130 sufficiet,
504 2051 654 2117 libellum
681 2052 749 2116 ‘de
775 2051 868 2118 Viris
892 2052 1100 2119 illustribus'
1123 2053 1192 2121 alio
1219 2055 1308 2140 stylo

214 2156 375 2240 scriptum
412 2155 529 2234 videri,
558 2176 660 2240 qnam
689 2156 780 2220 illum
818 2156 958 2222 alterum
984 2159 996 2190 ‘
1026 2156 1069 2221 de
1095 2154 1309 2237 Cesaribus}

215 2260 312 2344 cnjus
353 2260 458 2325 dictio
499 2259 689 2342 inaequalis,
726 2279 819 2343 saepe
855 2259 973 2337 ferrea,
1010 2266 1043 2323 et
1086 2258 1308 2326 crebrioribus

214 2364 312 2427 etiam
336 2362 511 2428 sententiis
531 2381 682 2445 aspersa,
697 2363 730 2427 iu
753 2363 885 2446 quibus
903 2367 1015 2427 tamen
1033 2361 1165 2427 eluceat
1183 2362 1306 2444 jndici-

214 2484 270 2529 um
305 2466 481 2549 scriptoris
509 2466 680 2529 eximium.
725 2464 841 2548 igitur,
865 2463 920 2529 vel
944 2463 1022 2529 hinc
1049 2465 1217 2549 suspicari
1242 2466 1306 2531 sal·

214 2574 279 2632 tem
304 2569 385 2633 licet
409 2569 556 2633 libellum
570 2574 580 2605 ‘
595 2568 637 2633 de
651 2568 747 2633 Viris
768 2567 983 2646 lllustribns,'
999 2568 1041 2633 ab
1056 2567 1125 2633 alio
1145 2587 1245 2651 quam
1262 2570 1306 2633 ab

213 2669 353 2734 Aurelio
379 2670 520 2734 Victore
551 2671 710 2754 scriptum
737 2670 864 2735 fuisse:
902 2689 977 2735 nam
1003 2678 1038 2736 et
1062 2670 1181 2737 eodem
1204 2672 1305 2738 modo

214 2770 353 2835 Marcus
367 2771 549 2837 Terentius.
566 2771 673 2837 Varro
694 2774 856 2854 genuinas
878 2772 991 2841 Plauti
1007 2773 1137 2838 fabulas
1152 2775 1196 2839 ab
1211 2774 1304 2839 adnl-

212 2875 326 2940 terinis
341 2876 564 2953 discernebat,
579 2896 622 2940 ex
636 2876 725 2960 stylo
741 2876 869 2942 scilicet
885 2883 918 2941 ct
927 2877 1030 2959 jocis.
1075 2876 1157 2941 Huc
1173 2876 1305 2944 accedit

211 2978 326 3056 etism,
343 2979 378 3042 iu
401 2977 520 3044 ‘Viris
542 2970 758 3056 illustribus:
782 2986 817 3044 et
830 2978 865 3042 iu
892 2983 902 3015 ‘
918 2976 1125 3044 Gmsaribus'
1140 2980 1305 3045 contraria

210 3080 289 3163 legi,
303 3081 431 3165 quippe
446 3081 577 3148 Auctor
599 3080 757 3145 Virorum
779 3080 967 3146 Illustrium
993 3080 1109 3146 scribit
1134 3078 1303 3147 Censorem

211 3182 357 3266 Augusti
371 3185 505 3249 nomine
517 3189 750 3248 consecratum
767 3184 812 3246 ob
822 3201 875 3246 res
891 3192 1017 3265 gestas,
1032 3187 1215 3267 postquam
1232 3183 1303 3250 dic·

210 3292 297 3352 tator
309 3294 494 3371 perpetuus
509 3286 622 3351 sactus
635 3293 738 3349 esset.
783 3285 938 3350 Aurelius
961 3304 1041 3349 uero
1061 3287 1095 3350 in
1110 3284 1302 3352 Caesaribus

209 3398 321 3454 narrat
333 3409 411 3453 eum
425 3387 572 3470 Augusti
586 3406 705 3451 nomen
721 3385 894 3468 accepisse
909 3388 954 3451 ob
969 3387 1141 3452 victoriam
1155 3389 1300 3471 partium
1362 3449 1364 3454 Α

208 3490 343 3574 placide
369 3489 564 3554 exercitam.
610 3486 655 3553 Et
677 3486 752 3553 baec
779 3506 860 3552 saue
882 3487 1110 3573 discrepantia
1134 3511 1189 3557 me
1211 3513 1300 3561 nnnc
1337 3502 1341 3514 '

207 3596 309 3661 etiam
324 3592 479 3676 impellit,
494 3601 532 3657 ut
552 3592 760 3658 duosbosce
781 3592 913 3658 libellos
936 3594 1078 3659 diversis
1103 3597 1301 3662 auctoribus

208 3698 376 3762 tribuam:
397 3696 461 3760 etsi
478 3706 594 3763 eontra
615 3698 758 3762 sentiant
780 3698 843 3763 viri
855 3697 960 3764 docti.
1004 3698 1188 3781 Pergamus
1203 3699 1300 3780 igitur

208 3801 252 3863 ad
269 3805 279 3834 ‘
296 3798 495 3884 Epitomeu.'

253 3902 366 3986 Hujus
381 3903 487 3968 libelli
507 3911 678 3968 auctorem
691 3923 713 3969 a
727 3904 892 3987 superiori
916 3903 1098 3982 diversum,
1112 3905 1169 3987 qui
1189 3910 1298 3971 tamen

205 4006 328 4089 etipse
344 4006 425 4073 Sex.
441 4004 600 4071 Aurelius
615 4005 735 4073 Victor
749 4006 869 4084 dictus,
886 4012 920 4071 et
934 4003 1019 4071 Urbi
1032 4005 1213 4088 praefectus
1227 4008 1297 4074 fue·

201 4109 259 4186 rit,
273 4128 318 4173 ex
334 4108 396 4175 hac
410 4109 628 4194 inscriptione
644 4111 787 4193 probare
801 4109 918 4175 nititur
931 4107 1072 4174 doctiss.
1086 4108 1253 4178 Vossius:

437 4227 572 4276 rnatu.
589 4226 812 4276 surucruvu.
829 4226 1077 4278 onnunurrsu
1135 4204 1142 4211 ’

440 4330 745 4383 ΑΝοτιτνυιΝΕΜ.
761 4329 1073 4382 uvrtlurcuu‘rtass
