3022 5026
283 332 327 398 50
577 346 693 398 ssxrr
719 346 881 397 suasuri
908 346 1082 397 urcrusrs

284 499 352 560 rat:
375 492 526 577 idemque
539 491 649 578 fruges
666 493 700 557 iu
715 491 867 559 Graecia'
889 493 1031 578 primum
1053 492 1204 559 iuventas
1219 493 1378 571 ostendit,

283 595 481 679 serendique
498 614 596 659 nsum
618 596 765 675 edocuit,
789 604 948 681 terraeque
963 594 1159 663 excolende
1180 597 1286 680 gratia
1306 598 1374 681 pri·

282 720 357 766 mus
372 700 475 764 boves
490 698 525 762 in
540 696 640 764 Italia
648 698 775 784 junxit.

739 847 920 869 “munuc

283 943 334 982 vu.
344 933 384 980 tt
400 928 489 978 literas
506 927 532 977 in
549 927 679 979 Graeclam
693 944 708 978 e
721 929 845 982 Phenica
863 946 909 997 per
919 930 1054 994 Cadmum,
1065 928 1197 981 eGrrscla
1208 929 1307 982 veroin
1319 931 1373 983 lta·

281 996 341 1046 liam
353 1009 400 1061 per
411 994 536 1059 Pelasgus
548 995 632 1046 illatae
645 993 742 1045 refert.¹
758 996 871 1060 syram.

763 1110 788 1161 N
816 1110 839 1161 '1'

314 1207 324 1233 ¹
341 1199 372 1248 Ia
384 1196 492 1262 Genea]
509 1196 638 1260 Athenin
654 1197 714 1250 idea
724 1213 769 1251 aar
780 1110 904 1267 “defun
915 1205 1050 1266 parentem
1061 1196 1070 1220 ¹
1081 1206 1158 1251 verat
1168 1198 1266 1250 Herm.

732 1613 837 1681 cal’.
863 1614 930 1682 v1.

280 1787 493 1840 saevarum.
526 1786 664 1847 itaearaut,
676 1784 719 1850 qui
731 1792 758 1834 et
769 1784 939 1849 Herculeam
950 1783 1053 1837 italiam
1064 1785 1209 1839 adventure
1225 1785 1266 1838 eui
1278 1786 1373 1840 carue,

315 1883 405 1919 serene
418 1868 542 1924 Evandri,
554 1868 632 1918 beree
641 1867 748 1931 surripit
759 1883 766 1922 ;
784 1865 894 1932 ideoque
905 1867 929 1917 el
939 1881 1012 1917 nexa
1022 1866 1101 1918 datur
1112 1867 1144 1918 ab
1156 1867 1287 1918 Euandro.
1319 1867 1373 1919 Ara

312 1951 427 2000 Maxima
437 1949 470 1998 ab
487 1949 602 2000 Hercule
614 1953 776 1998 consecrata.
809 1947 884 1997 Unde
895 1962 948 1997 mor
961 1947 1070 1998 Herculi
1083 1947 1234 2012 profanandi
1247 1949 1373 2000 dederam

312 2037 413 2081 tractus
424 2032 467 2082 eit.
499 2030 611 2081 Plautus
623 2028 778 2092 explicatus.
803 2028 857 2080 Cur
867 2025 981 2079 furatum
992 2029 1025 2079 ab
1034 2028 1089 2080 Ara
1100 2031 1217 2082 Maxima
1228 2041 1374 2081 arceantur.

324 2159 358 2223 1.
379 2159 431 2224 Eo
458 2168 629 2242 regnante,
652 2158 739 2222 sorte
756 2156 951 2223 Recarams
976 2160 1132 2245 quidam·
1150 2162 1284 2230 Graecae
1307 2168 1372 2231 ori·

282 2262 380 2347 ginis,
406 2261 552 2346 ingentis
574 2261 726 2345 corporis
745 2268 779 2324 et
798 2279 989 2344 magnarum
1014 2264 1133 2329 virium
1159 2274 1287 2349 pastor,
1313 2249 1373 2353 qui

282 2373 353 2431 erut
381 2366 486 2431 forma
511 2370 546 2429 et
569 2363 693 2428 virtute
720 2363 838 2427 ceteris
871 2364 1086 2441 antecellens,
1117 2365 1281 2432 Hercules
1312 2388 1373 2454 ap-

281 2468 438 2553 pellatus,
462 2467 579 2534 eodem
605 2467 708 2532 venit.
761 2467 793 2530 2.
818 2463 969 2552 Cumque
1000 2475 1151 2533 armenta
1180 2469 1254 2553 ejus
1283 2471 1373 2538 circa

280 2573 404 2639 flumen
421 2571 600 2636 Albulam‘
622 2577 850 2655 pascerentur,
873 2567 984 2634 Cacus
1007 2569 1153 2636 Evandri
1168 2591 1298 2652 servus,
1314 2594 1371 2639 ne·

280 2675 398 2760 quitiae
412 2681 594 2750 versutus,n
611 2683 647 2738 et
670 2678 796 2755 praeter
817 2678 926 2740 cetera
949 2672 1190 2754 iumcmsimus,
1206 2671 1373 2744 Montani

280 2778 424 2862 hospitis
439 2778 546 2841 boves
561 2775 741 2858 surripuit3
763 2793 816 2855 ac,
830 2795 872 2840 ne
886 2775 976 2859 quod
990 2784 1081 2842 esset
1092 2776 1263 2858 iudicium,
1279 2799 1372 2845 aver·

281 2900 339 2946 sas
354 2882 389 2945 in
404 2880 597 2965 speluncam
613 2878 763 2943 attraxit.
806 2877 838 2942 3.
861 2875 1015 2962 Cumque
1027 2877 1235 2960 Becaranus,
1252 2882 1372 2948 vicinis

280 2983 476 3066 regionibus
491 2981 687 3066 peragratis,
703 2979 929 3063 scrutatisque
941 2981 1097 3046 omnibus
1112 2982 1275 3066 ejusmodi
1290 2985 1373 3049 late-

280 3086 362 3161 bris,
378 3084 589 3169 desperasset
608 3085 829 3160 inventurum,
849 3087 1028 3168 utcumque
1051 3104 1151 3170 aequo
1170 3085 1280 3151 animo
1305 3085 1371 3151 dis-

195 3209 199 3218 ·
280 3187 436 3272 pendium
462 3187 581 3266 ferens,
601 3185 765 3251 excedere
787 3184 840 3250 his
858 3167 980 3252 finibus
999 3189 1227 3255 constituerat.
1270 3191 1303 3255 4.
1324 3190 1374 3257 At

741 3333 916 3357 „mm”

313 3420 382 3471 Car.
389 3433 428 3469 vr.
448 3420 549 3484 2‘Neq
551 3418 741 3469 masmae.
758 3417 1023 3469 Graecirmeexcneari
1050 3423 1125 3468 a.test
1157 3418 1273 3486 Sedlegl
1247 3419 1373 3488 gipetart

280 3484 546 3536 etiamablatircearu
557 3485 663 3550 aeqar'tie
679 3486 718 3534 rel
730 3483 1023 3547 nemquetasytbargw
1064 3489 1197 3548 eaproter
1212 3492 1298 3549 cetera,
1309 3486 1334 3535 lr.
1348 3499 1372 3535 e

281 3559 487 3615 pratereeterar
499 3559 576 3609 arra,
587 3550 724 3611 versutias,
730 3551 780 3599 dre.
788 3547 877 3613 (preb.
886 3546 1082 3613 Armenium.
1092 3557 1177 3599 tamen
1189 3552 1214 3600 ln
1224 3551 1298 3603 Mtte.
1305 3551 1373 3601 Crlt.

281 3618 374 3681 prebat
389 3616 512 3668 Muukeri
522 3616 710 3667 correctionem
727 3619 817 3679 preter
830 3615 1034 3671 telmessum
1047 3629 1171 3666 nemeae
1187 3614 1288 3666 furandi
1299 3616 1371 3679 eupi-

773 3746 798 3797 N
801 3745 880 3797 0¹1⁸AE

312 3848 474 3900 'iterumue
488 3846 597 3912 quiden]
614 3846 654 3897 De
672 3846 806 3897 Recursus
846 3843 892 3896 lib.
902 3858 922 3895 r.
934 3852 962 3895 et
972 3843 1072 3895 Saldae.

279 3924 315 3974 nil
325 3939 430 3991 usquam
439 3923 696 3989 meleqirrememiui.
713 3922 806 3989 Neque
876 3918 1080 3985 ‘Artemoni
1090 3917 1173 3969 Tibris
1183 3915 1370 3982 paeteadietns

281 4002 344 4065 reia,
356 4003 423 4050 trude
435 4003 491 4050 trac
502 4001 616 4052 hauserit
628 4000 743 4051 Caesius.
769 3998 807 4049 At
846 4007 895 4052 ert.

281 4078 376 4129 Carent
400 4078 550 4129 Heraclida
570 4078 722 4134 meminere,
750 4077 807 4127 Llr.
877 4077 1027 4143 'Nequitia
1037 4070 1156 4134 emer]
1175 4071 1246 4124 Mira
1263 4074 1368 4126 locutio.
1414 4049 1420 4062 ⁸

280 4152 299 4203 l.
312 4167 374 4203 xus.
387 4155 522 4207 Plutarch.
532 4156 557 4206 in
573 4155 731 4216 Alexandro,
740 4155 806 4206 Sell-
848 4155 979 4221 Nequitia,
989 4154 1015 4207 iu
1025 4149 1101 4203 dardi
1113 4162 1183 4200 eam.

281 4245 330 4281 une
350 4245 373 4279 e.
385 4233 424 4284 lt.
438 4230 535 4284 Jnrtlu.
554 4233 572 4282 l·
589 4245 640 4283 vu.
654 4233 807 4284 Paterentur
