3022 5026
576 356 751 411 seimonu.
787 356 869 405 osu.
892 355 933 405 x.
1232 337 1296 406 381

207 509 287 572 nota
301 520 504 569 concessave
519 500 720 587 aptioribus
744 499 955 584 principibus
977 498 1107 566 firmare
1122 502 1298 588 insequen-

207 617 260 674 tes
284 608 447 684 solerent3
470 603 584 670 simul¹
605 605 780 689 imperium
801 602 916 687 coepit,
940 602 1021 668 talia
1045 606 1297 688 possidentibus

206 710 319 778 edicto
347 716 465 793 sponte
494 708 597 772 cavit.
655 708 688 772 9.
712 705 867 786 Quadam
894 707 995 770 etiam
1025 705 1090 785 die,
1120 710 1298 777 recordans

205 809 364 896 vesperi*
379 810 460 875 nihil
483 829 520 875 se
540 811 696 894 cuiquam
713 810 925 896 praestitisse,
942 808 1126 874 venerando
1149 810 1297 876 coelesti·

205 934 269 999 que
283 915 386 992 dicto,
403 912 525 992 Amici,
541 913 601 991 ait,
616 912 822 996 perdidimus
836 911 945 976 diem:
967 910 1060 994 quod
1081 916 1154 978 emt
1165 911 1298 994 'mogui-

205 1015 281 1082 ficae
293 1016 517 1081 liberalitatis.
561 1016 614 1080 10.
637 1014 1117 1098 Clementiemverousqueeo
1130 1014 1300 1097 perduxit,

206 1123 253 1196 ut,
267 1118 467 1202 amplissimi
482 1117 607 1183 ordinis
618 1117 686 1182 duo
701 1134 778 1181 cum
794 1115 954 1180 adversus
969 1135 1045 1180 eum
1054 1117 1298 1201 conjurassent,

205 1239 315 1304 neque
330 1221 477 1285 abnuere
499 1220 680 1302 cogitatum
698 1217 811 1282 scelus
831 1217 976 1302 quirent,
991 1217 1158 1282 monuerit
1172 1220 1297 1303 primo:

204 1327 295 1406 post,
310 1321 474 1387 deductos
489 1321 523 1385 in
543 1319 774 1405 spectaculum
789 1339 827 1384 se
841 1318 1004 1403 utrimque
1026 1320 1177 1385 assidere
1188 1322 1298 1406 jusse-

206 1424 261 1500 rit,
285 1425 458 1508 petitoque
481 1443 527 1488 ex
552 1423 716 1509 industria
740 1418 995 1502 mirmillonum,¹
1019 1443 1158 1506 quorum
1179 1443 1298 1508 pugnae

206 1527 412 1606 visebantur,
427 1526 552 1609 gladio,
563 1526 661 1609 qnasi
673 1524 716 1590 ad
732 1523 973 1608 explorandam
989 1529 1109 1605 eciem,
1122 1526 1179 1590 uui
1196 1535 1298 1611 atque

207 1628 304 1695 elteri
320 1629 524 1694 commiserit
537 1648 546 1708 ;
570 1628 693 1712 quibus
709 1625 875 1711 perculsis
891 1631 924 1692 et
938 1629 1161 1692 constantiam
1176 1629 1312 1709 miron-l

206 1732 298 1797 tibus
322 1732 457 1807 diceret,
485 1731 664 1798 Videtisne
694 1737 881 1814 potestates
904 1729 975 1794 fato
997 1730 1082 1810 deri,
1110 1730 1299 1816 frustraque

206 1834 328 1898 tentari
343 1833 475 1898 facinus
490 1832 645 1919 potiundi
659 1852 734 1916 spe,
748 1832 802 1897 vel
813 1831 983 1897 amittendi
997 1833 1113 1898 metui
1149 1831 1202 1897 11.
1218 1833 1300 1900 Fra·

202 1922 288 1999 'trem
298 1941 319 1969 ¹¹¹
334 1955 471 2019 quoque
486 1936 719 2001 Domitianum
736 1944 910 2018 parantem
925 1934 1075 2015 insidias,
1089 1936 1299 2021 militumque

206 2039 338 2104 animos
356 2038 595 2117 solicitantem,
624 2036 717 2104 flens·
733 2039 861 2122 saepius
885 2038 1073 2104 obtestatus
1088 2046 1153 2117 est,
1167 2058 1209 2104 ne
1223 2059 1299 2123 per·

205 2141 326 2207 rieidio
341 2143 479 2226 assequi
493 2149 643 2227 cuperet,
661 2141 752 2226 quod
768 2149 804 2205 et
826 2161 863 2205 se
878 2140 1009 2205 volente
1023 2150 1115 2206 esset
1139 2143 1299 2207 obventu·

205 2263 278 2309 rum
295 2244 339 2320 ci,
354 2251 388 2310 et
407 2245 479 2330 jam
502 2246 651 2322 haberet,
665 2265 741 2311 cum
766 2244 811 2308 sit
824 2244 996 2329 particeps
1011 2246 1200 2328 potestatis.
1244 2243 1299 2311 12.

206 2345 319 2430 Hujus
334 2352 502 2434 temporen
527 2367 625 2413 mous
647 2344 821 2413 Vesuvius
845 2348 878 2411 in
894 2345 1083 2433 Campania
1100 2347 1214 2414 ardere
1230 2369 1298 2415 ooe·

661 2511 842 2534 ΟΜΝΝΗΙΟ

204 2609 273 2657 mele
283 2609 362 2659 etism
363 2612 498 2721 getulii:
515 2612 553 2661 sie
565 2608 650 2662 lacem
662 2626 736 2662 ucrrs
748 2620 837 2675 unptrs
855 2609 1045 2676 preserebsut:
1064 2618 1091 2660 et
1103 2611 1161 2661 ride
1178 2613 1297 2667 Servium

205 2671 240 2722 sd
251 2672 352 2723 initium
394 2676 536 2724 usidvru.
568 2676 637 2726 Illud
648 2678 748 2727 solerent
761 2678 786 2742 [t
800 2678 837 2742 8.]
849 2678 965 2741 qnsmris
983 2678 1124 2741 inscriptis
1141 2679 1216 2727 codd.
1229 2693 1299 2734 eom·

206 2744 292 2802 psret,
305 2751 355 2787 uon
366 2740 461 2801 plseet.
488 2740 541 2789 Sed
560 2741 624 2791 illud
643 2742 714 2790 simul
727 2743 860 2805 imperium,
878 2748 1012 2790 venustum
1032 2741 1135 2791 Horstil
1155 2757 1241 2793 ruore:
1257 2759 1298 2794 res

206 2809 268 2852 nots
277 2817 310 2853 es
323 2804 447 2853 Suetonio
458 2818 514 2868 esp.
525 2808 550 2855 8.
585 2804 667 2855 Addit
677 2806 814 2856 Crstsndri
824 2806 867 2855 ed.
878 2807 941 2854 ensis
949 2807 987 2855 sel
997 2808 1112 2855 concessit
1129 2808 1169 2871 [ut
1178 2817 1206 2857 et
1217 2808 1300 2874 Ald.].

205 2867 468 2929 Augustanuscodes
479 2869 553 2919 initio
563 2873 676 2920 donula
695 2885 831 2921 suscenses
843 2884 890 2932 pro
901 2872 1005 2920 donem:
1021 2879 1049 2921 et
1065 2872 1107 2920 trie
1123 2874 1236 2921 concessit
1251 2889 1299 2935 pso

205 2930 444 2984 mru.’smott·-s
453 2933 531 2984 Simul
540 2941 567 2985 sl
578 2937 702 2999 inperium
710 2935 771 2985 ΑΜ.
787 2936 866 2986 Simul
877 2935 1194 3000 [stlimp.Schott.Gaesb.
1204 2939 1299 3003 Delph.

205 2995 347 3046 Pulso-9
365 2999 435 3055 Quod
445 3001 546 3061 recepit
558 3001 672 3052 Grnuer.
691 3015 706 3050 e
720 3000 797 3051 codd.
810 3000 945 3051 Goellerb.
959 3014 1006 3065 pro
1021 3003 1127 3063 volgato
1137 3006 1193 3064 quis
1200 3018 1211 3059 ;
1229 3011 1256 3052 ut
1272 3004 1298 3054 iu

206 3061 445 3127 sliisprseterllip.
476 3065 537 3115 Erst
547 3067 611 3116 esim
629 3065 763 3133 negss'jleoe
785 3066 1012 3116 midelton-lo
1029 3066 1177 3117 ‘Deductus
1193 3068 1299 3118 Eductos

206 3127 378 3177 veronensis:
391 3128 455 3178 illud
467 3130 542 3179 ursle.
565 3132 628 3181 Mos
640 3138 850 3196 ascensurumque
860 3130 1039 3181 midereldem
1050 3133 1197 3195 conjungit:
1215 3135 1297 3184 eeterl

205 3193 552 3258 vulqcomnesssslrisrqse.
586 3197 621 3246 Et
636 3205 694 3257 post
706 3198 782 3260 paulo
792 3201 933 3259 potestatem
945 3197 1043 3246 Veron.
1077 3197 1117 3247 De
1129 3198 1229 3247 insidiis
1243 3199 1298 3250 Do·

206 3258 305 3306 miliani
317 3259 422 3308 Sueten.
432 3274 490 3321 cap.
503 3264 528 3311 9.
544 3269 571 3310 et
589 3263 689 3312 Docuit.
700 3277 759 3326 esp.
778 3261 826 3310 ll!
843 3261 937 3312 Sclolt.
970 3262 1105 3312 Poteslstss
1115 3261 1184 3322 serlo
1205 3262 1298 3313 illd.—

207 3326 237 3372 ll
255 3323 339 3372 Edon
348 3323 444 3374 tutem
457 3325 581 3376 old-la
591 3328 642 3376 Pro
657 3327 771 3376 Vessoiss
783 3327 847 3376 Mus.
859 3326 1009 3390 sp.Schott.
1020 3335 1047 3377 st
1060 3328 1104 3377 alii
1118 3328 1239 3389 Veseos'ss,
1252 3329 1298 3379 Vs·

204 3386 290 3446 sebius,
306 3388 431 3448 Veratius,
445 3390 554 3442 l'esslsr.
586 3395 594 3421 ⁴
608 3393 680 3445 Nots
691 3393 827 3455 dirersitss
840 3393 954 3458 ipsorum
965 3401 1084 3443 veterum
1101 3394 1127 3444 in
1139 3394 1213 3459 hujus
1224 3408 1295 3445 mon·

699 3536 807 3588 NOTAE

204 3630 732 3698 ullovitioreperto,stcoutrsrirtotibns
771 3635 984 3700 fluetou.csp.8.

206 3709 328 3761 sommis.’
802 3711 1009 3777 ¹dlirnillosrns]
1026 3713 1221 3778 Glsdlstorum;
1238 3731 1298 3782 quo·

240 3785 249 3820 ¹
261 3787 340 3838 Simul
349 3789 400 3854 [et]
416 3791 578 3854 Ejtclandum
587 3791 617 3842 el
628 3798 670 3844 st:
687 3805 731 3843 ne·
772 3789 878 3839 romalii
890 3791 996 3854 ronterii,
1005 3789 1120 3842 'l'hreees
1129 3794 1183 3854 elii,
1194 3795 1298 3844 mirmil-

206 3877 257 3929 que
266 3878 344 3927 supra
356 3876 465 3929 sppsret
477 3868 504 3917 in
514 3869 669 3920 mensibu..
771 3863 852 3922 lones,
862 3873 1004 3925 secutores,
1012 3870 1061 3918 dre.
1078 3868 1246 3936 Mirmillones
1253 3870 1299 3935 qul

239 3937 251 3973 ¹
267 3939 405 4018 discordans
414 3943 515 4007 uesperi]
532 3946 541 3971 ⁴
555 3945 641 4009 Atque
653 3946 731 3996 etism
771 3942 884 3994 eGsllis
895 3953 1017 3992 venerunt
1028 3944 1190 3999 dicebantur.

207 4015 361 4066 recordatus
372 4031 450 4080 super
461 4032 570 4080 emnam,
587 4021 655 4084 quod
667 4022 731 4070 uitril
810 4027 829 4054 ¹
845 4018 967 4082 Fratrem]
977 4020 1043 4070 Vide
1054 4021 1161 4074 Sueten.
1174 4036 1233 4086 esp.
1243 4027 1267 4074 9.

207 4093 327 4154 cuiquem
340 4101 394 4143 tots
405 4092 447 4142 die
456 4094 627 4157 prestitisset,
637 4110 731 4148 memo·
802 4103 815 4129 ¹²
832 4095 914 4155 Huius
932 4097 1045 4162 tempore]
1062 4096 1096 4148 Α.
1114 4097 1148 4148 U.
1165 4102 1221 4148 781.
1240 4104 1298 4162 post

206 4167 312 4218 ssbilsnr
338 4171 409 4220 illsm
436 4171 579 4235 meritoque
601 4172 732 4224 laudarem
773 4172 900 4224 C·N.l9.
918 4173 1061 4226 ‘Quadam
1076 4176 1125 4227 sub
1142 4191 1174 4226 eo
1190 4175 1298 4229 fortolts

208 4256 297 4295 rocem
309 4244 401 4305 edidit,
414 4244 498 4299 Amici
509 4249 515 4297 l
531 4239 604 4299 'diem
613 4249 732 4314 perdidi?
772 4264 804 4301 sc
816 4250 902 4302 tricus
912 4253 1080 4304 ecciderunt:
1091 4263 1120 4304 ut
1129 4251 1298 4321 coullsgrstlo
