3022 5026
276 336 320 406 24
750 357 905 406 suorcru

277 502 383 570 libelli
396 502 499 568 istius
521 509 691 568 auctorem
714 520 789 567 esse
809 500 990 587 Nepotem,
1010 508 1199 567 constanter
1224 504 1370 587 negabo:

279 625 340 671 uec
354 608 440 671 enim
452 607 557 688 magis
568 605 795 689 consequitur,
807 626 905 690 quam
917 604 970 669 vel
981 606 1191 683 Suetonium,
1201 606 1253 670 vel
1265 606 1371 670 AEmi·

279 708 358 773 lium
375 709 535 785 Probum,
552 709 604 774 vel
622 709 803 793 Hyginum,
820 710 874 773 vel
890 709 993 773 alium
1008 709 1174 791 quemvis.
1220 707 1301 772 Huc
1316 728 1372 772 ac-

280 811 371 876 cedit
384 813 498 895 cupita
511 812 599 895 ipsa,
614 833 690 895 quae
714 812 881 895 Agellius,
901 812 1089 897 Sosipater,
1105 811 1256 889 Servius,
1271 820 1373 876 caete·

279 913 373 996 rique
386 933 432 976 ex
446 913 592 996 Nepotis
607 914 802 980 Illustribus
817 915 965 988 recitant,
985 933 1028 978 ne
1043 915 1221 996 vestigium
1238 913 1373 997 quidem

279 1016 385 1081 libelli
400 1018 502 1080 nostri
517 1017 681 1101 praeferre.
727 1017 838 1082 Unum
865 1017 905 1080 de
928 1017 1040 1081 multis
1066 1016 1268 1100 exemplum,
1290 1036 1374 1100 quo·

279 1119 370 1182 uiam
385 1117 427 1181 ad
443 1138 510 1182 rem
527 1119 617 1196 lacit,
634 1118 780 1183 afferam.
824 1116 978 1199 Agellius
992 1118 1060 1195 (vel
1071 1119 1101 1181 si
1114 1127 1263 1201 veterum
1274 1117 1375 1181 libro·

279 1238 350 1283 rum
362 1222 596 1286 auctoritatem
609 1220 968 1309 negligis,A.lGellius)
979 1219 1081 1285 Noct.
1096 1219 1195 1284 Attio.
1205 1219 1264 1283 lib.
1276 1236 1301 1282 x
1310 1236 1374 1284 ιιι.

281 1341 357 1405 cap.
384 1323 439 1386 21.
460 1343 529 1387 nou
552 1325 693 1387 obscure
719 1324 805 1388 bunc
833 1343 909 1386 esse
937 1322 1082 1405 Nepotis
1112 1329 1242 1405 partum
1269 1329 1375 1405 negat.

282 1431 292 1464 ⁴
308 1421 369 1487 M!
384 1424 502 1508 inquit,
517 1430 528 1459 ‘
541 1425 578 1488 Μ
582 1427 689 1490 aulius
706 1426 836 1501 Romae,
857 1428 914 1509 qui
939 1425 1058 1489 Gallos
1071 1427 1106 1488 iu
1121 1424 1295 1493 obsidione
1311 1425 1375 1490 Ca-

282 1526 394 1610 pitolii
409 1528 609 1612 obrepentes
624 1549 684 1612 per
699 1530 802 1594 ardua
817 1529 1001 1612 depulerat,
1014 1528 1187 1592 convictus
1202 1533 1254 1591 est
1268 1528 1377 1591 cousi*

283 1628 363 1694 lium
379 1630 421 1693 de
445 1651 545 1712 regno
571 1634 771 1714 occupando
793 1633 929 1696 iniisse:
952 1631 1193 1715 damnatusque
1213 1630 1376 1712 capitise

283 1752 369 1797 saxo
393 1732 552 1817 Tarpeio,
577 1744 614 1798 ut
638 1735 688 1798 M.
702 1735 810 1800 Varro
833 1735 892 1812 ait,
919 1752 1069 1818 praeceps
1086 1733 1202 1811 datus3
1225 1740 1262 1795 ut
1276 1732 1377 1797 Com.

284 1843 395 1899 autem
422 1834 543 1919 Nepos
568 1838 731 1920 scriptum
757 1837 900 1920 reliquit,
923 1836 1126 1901 verberando
1149 1845 1286 1900 necatus
1305 1833 1378 1899 est?

284 1936 413 2002 Noster
428 1957 504 2001 vero
521 1939 668 2003 disertim
679 1939 720 2003 de
732 1958 816 2003 saxo
828 1938 976 2023 Tarpeio
989 1939 1239 2023 praecipitatum
1249 1935 1379 2002 scribit.

285 2038 351 2104 Sed
368 2038 450 2103 nihil
466 2040 536 2121 egit
551 2040 755 2106 Catelliunus
769 2042 884 2119 Cotta,
900 2044 960 2124 qui
974 2041 1049 2105 baec
1064 2041 1107 2105 ad
1124 2040 1291 2105 Chronica
1309 2039 1341 2104 N
1344 2060 1379 2104 e·

283 2142 373 2225 potis
399 2140 593 2225 detorquet:
627 2163 688 2207 nec
713 2145 802 2208 euim
828 2145 937 2209 simile
962 2163 1052 2219 vero,
1076 2150 1145 2206 tem
1163 2150 1379 2225 praestantem

285 2242 477 2307 historicum
492 2251 559 2308 tam
574 2247 837 2329 repugnantiaiu
850 2247 931 2312 viris
943 2246 1130 2310 illustribus
1144 2245 1287 2309 dixisse.
1308 2242 1381 2310 Ve-

285 2364 356 2408 rum
374 2352 409 2409 ut
420 2347 603 2429 symbolum
614 2347 900 2431 quoqueGruecus
912 2334 1379 2422 auctorcooteretmonlevis,

286 2447 345 2512 sed
361 2446 483 2528 κῶμικος
497 2446 608 2534 μάρτυρ
624 2448 839 2522 Plutarchus,
850 2458 888 2515 ut
901 2451 966 2532 ipsi
977 2449 1240 2523 observavimus,
1255 2447 1297 2511 de
1314 2447 1379 2511 Lu-

287 2549 379 2614 cullo
395 2550 493 2632 longe
509 2552 606 2615 aliter
621 2552 799 2636 scripsisse
816 2551 984 2635 Nepotem
1005 2551 1115 2625 refert,
1139 2560 1239 2633 atque
1254 2549 1380 2616 adulte

287 2655 378 2721 tinus
392 2653 455 2717 iste
472 2653 609 2737 Nepos:
631 2655 681 2718 sic
695 2656 782 2719 enim
797 2656 864 2719 ait:
889 2654 998 2719 ‘Post
1012 2674 1089 2719 cum
1106 2654 1253 2718 alienata
1272 2659 1382 2718 mente

287 2755 439 2839 desipere
460 2756 635 2840 coepisset,
660 2757 766 2824 tutela
784 2762 858 2841 eJ'us
879 2757 929 2823 M.
946 2758 1089 2823 Lucullo
1112 2757 1205 2822 tratri
1219 2757 1382 2841 permissu

287 2858 359 2922 est!
403 2858 604 2924 Plutarchus
619 2879 719 2924 vero:
742 2857 844 2934 Νέτοος
855 2861 882 2924 δὲ
897 2860 1044 2944 Κορνήλιος
1060 2863 1114 2946 οὐχ
1123 2859 1174 2922 ὑπὸ
1188 2857 1280 2944 γέρας
1290 2858 1382 2940 φησιν,

289 2961 347 3024 οὐδὲ
359 2962 439 3023 νόσου
453 2959 641 3045 παραλλάξαι
652 2959 699 3025 τοι
709 2960 899 3041 Λούκουλλον,
911 2965 992 3027 ἄλλα
1007 2963 1169 3052 pappolum
1184 2960 1236 3024 ύιτό
1247 2985 1318 3036 τινος
1327 2967 1381 3025 τῶι

289 3061 475 3152 transligat
498 3062 705 3139 Καλλισθένους
727 3064 924 3151 διαφθαρέντα.
968 3065 1057 3144 Qum
1078 3068 1129 3131 sic
1148 3067 1381 3130 vertebamus:

293 3163 454 3233 Cornelias
471 3165 573 3252 Nepos
587 3190 684 3254 neque
707 3169 801 3247 senio,
816 3191 911 3256 neque
927 3167 1042 3243 morbo,
1059 3169 1118 3243 ait,
1131 3166 1268 3232 alienato
1284 3174 1384 3231 morte

277 3266 393 3357 fuisse,
409 3268 463 3332 sed
475 3291 495 3332 o
513 3267 701 3334 Callisthene
715 3268 824 3336 liberto
838 3271 960 3339 venenis
976 3281 1164 3357 corruptum.
1208 3270 1384 3336 Callisthe-

287 3372 341 3437 nis
357 3373 448 3437 oulla
462 3373 554 3457 apud
570 3382 734 3440 auctorem
751 3384 901 3442 nostrum
912 3377 1045 3453 mentio,
1059 3363 1169 3461 ueq'ue
1183 3376 1281 3454 senii,
1296 3395 1384 3440 mor·

289 3474 336 3550 bi,
351 3482 412 3538 aut
424 3477 560 3540 veueuir
582 3479 724 3541 necesse
738 3487 792 3543 est
811 3480 911 3561 igitur
935 3481 1004 3544 alio
1026 3477 1164 3562 Nepote
1179 3497 1278 3542 usum
1304 3477 1384 3540 Plu·

289 3577 450 3643 tarcbum.
496 3578 591 3644 Idem
606 3599 739 3663 quoque
750 3582 783 3645 iu
794 3581 932 3646 Tiberio
942 3587 977 3646 et
985 3581 1070 3646 Caio
1083 3580 1263 3646 Gracchis:
1284 3574 1385 3649 Νέιτος

291 3681 305 3741 ὅ
322 3677 469 3764 Κορνήλιός
483 3692 568 3757 orca
582 3684 612 3744 od
629 3680 776 3767 Κράσσου,
792 3681 916 3768 Βρούτου
931 3683 959 3746 li
975 3681 1213 3771 θριαμβεύσαντος
1224 3682 1279 3742 riri
1295 3690 1384 3742 Δοσι-

290 3788 382 3849 ταιοῖιι
399 3780 540 3868 θυγατέρα
554 3787 648 3869 γῆμαι
663 3783 760 3848 Polior.
774 3787 797 3850 i.
815 3783 979 3851 Cornelius
995 3785 1097 3872 Nepos
1114 3805 1175 3849 ιοοιι
1193 3780 1311 3858 crasa,
1334 3779 1387 3845 sed

292 3880 394 3948 Bruti
408 3885 474 3971 ςρίιι
488 3885 543 3972 qui
557 3885 594 3951 de
612 3885 770 3952 Lusitanis
784 3887 1040 3972 triumphaverat,
1051 3885 1162 3971 filiam
1179 3885 1211 3948 r'rr
1226 3885 1385 3948 matrimo-

292 3987 345 4050 nio
362 3985 475 4053 Caium
489 3987 630 4054 habuisse
643 3987 762 4054 scribit.
808 3991 848 4055 Iu
871 3991 1008 4076 Nepote
1027 4009 1105 4057 vero
1128 3989 1197 4053 isto
1211 3987 1385 4054 subdititio

294 4085 383 4166 filiae,
403 4109 512 4175 neque
543 4092 672 4171 Crassi,
696 4114 804 4178 neque
826 4093 923 4158 Bruti
946 4094 1016 4159 ulla
1041 4092 1163 4156 mentio
1188 4096 1294 4168 extet,
1320 4094 1387 4162 uisi

295 4191 473 4280 caecutiunt
486 4196 588 4261 oculi.
631 4194 767 4262 Rursus
788 4197 822 4262 iu
844 4195 1016 4263 Noctibus
1036 4191 1165 4259 Atticis
1183 4200 1237 4262 eet
1252 4195 1310 4262 lib.
1329 4212 1388 4269 xr.
