3022 5026
553 376 731 427 aurnuns.
767 375 852 425 car.
874 374 959 424 ιιι.
1235 357 1301 425 433

205 528 284 614 fuga
295 524 425 592 volucri
443 524 603 609 pervenit.
646 523 678 588 (i.
702 521 757 585 Ibi
772 518 1021 596 Martinianum,
1036 517 1216 585 officiorum
1231 540 1299 585 ma-

207 633 371 715 gistrum,t
396 626 567 692 Caesarem
589 630 691 689 creat.
734 624 766 687 7.
797 620 928 687 Dehinc
957 619 1198 685 Constantinus
1227 625 1302 688 acie

206 732 319 818 potior
334 729 426 813 apud
442 727 634 811 Bithyniam
651 724 766 807 adegit
781 723 948 788 Licinium
965 731 1069 805 pacta
1084 722 1193 787 salute
1207 724 1300 788 iudu-

205 840 350 900 mentum
365 832 488 914 regium
514 830 630 895 offerre
649 838 708 912 pe'r
729 847 878 892 uxorem.
922 825 1006 890 Inde
1025 825 1301 892 Thessalonicam

206 938 360 1012 missum,
382 933 483 1017 paulo
507 940 587 1017 post
607 952 682 995 eum
708 930 1014 1011 Martinianumqne
1033 928 1176 1013 Jognlari
1193 927 1302 1010 jubet.

205 1039 241 1104 8.
266 1039 335 1123 llic
361 1037 514 1102 Licinius
541 1055 664 1101 aunum
680 1033 915 1098 dominationis
934 1032 1001 1097 fere
1026 1041 1106 1117 post
1129 1042 1302 1115 quartum-

207 1137 403 1219 decimum,¹‘
431 1141 513 1205 vitae
526 1139 681 1222 proxime
695 1138 955 1220 sexagesimum,
969 1134 1115 1202 occidit:
1150 1138 1304 1202 avaritias

210 1243 372 1328 cupidine
396 1243 543 1308 omnium
560 1242 740 1326 pessimus,
754 1260 863 1325 neque
879 1240 1006 1305 alienus
1021 1259 1043 1305 a
1057 1240 1139 1333 lanu
1156 1243 1303 1318 venerio,

209 1367 311 1431 asper
326 1345 517 1423 admodum,
533 1345 624 1410 hand
641 1344 850 1410 mediocriter
871 1344 1059 1427 impatiens,
1074 1343 1214 1408 infestus
1229 1343 1303 1407 lite·

209 1451 268 1527 ris,
283 1468 371 1534 quas
386 1468 444 1532 per
465 1446 635 1512 inscitiam
656 1445 869 1512 immodicam
884 1446 977 1510 virus
999 1464 1039 1510 ac
1054 1451 1178 1529 pestem
1194 1443 1304 1528 publi·

175 1588 179 1600 ·
210 1571 285 1616 carn
302 1552 510 1627 nominabat,
524 1550 696 1635 praecipue
717 1549 881 1613 sorensem
897 1548 1104 1614 iudustriam.
1145 1548 1177 1612 9.
1199 1544 1305 1629 Agra·

210 1649 324 1718 ribus¹
351 1653 450 1736 plaue
478 1671 520 1717 ac
548 1650 798 1727 rusticantibus,
825 1652 905 1734 quia
934 1651 979 1716 ab
1005 1670 1047 1715 eo
1069 1669 1189 1733 genere
1214 1657 1306 1714 ortus

211 1752 388 1840 altosque*K
412 1759 494 1833 erat,
510 1755 597 1818 satis
619 1753 734 1832 utilis3
756 1771 798 1817 ac
812 1752 941 1818 militiae
961 1757 1074 1816 custos
1093 1751 1136 1815 ad
1155 1759 1305 1816 veterum

210 1859 368 1925 instituta
392 1856 636 1923 severissimus.
681 1857 735 1920 10.
757 1854 950 1938 Spadonum
972 1860 1007 1918 et
1030 1853 1213 1919 aulicorum
1236 1872 1306 1916 om·

211 1961 304 2026 nium
331 1961 510 2027 vehemens
537 1959 694 2034 domitor,
724 1956 833 2022 tineas
865 1951 1076 2042 soricesque¹
1106 1955 1225 2040 palatii
1246 1971 1307 2018 eos

668 2106 849 2130 eunocum

210 2206 350 2259 vinea-r
370 2208 481 2265 Uxorem,
490 2211 552 2260 carle
564 2208 669 2259 meerl-
680 2205 789 2259 did—8
804 2209 812 2236 ‘
825 2206 1066 2264 Qwraadeetm.
1098 2206 1143 2257 Ita
1159 2203 1234 2254 codd.
1244 2204 1309 2255 Mer.

211 2281 241 2322 et
252 2288 340 2323 rarum
350 2282 399 2334 ert,
414 2276 435 2324 ri
448 2288 463 2324 a
474 2283 556 2326 morte
568 2274 666 2325 Galerii
678 2272 887 2336 Martiniani,qni
900 2269 933 2322 A.
946 2272 1007 2323 Chr.
1017 2284 1108 2322 cccxc.
1123 2269 1311 2331 rirerederiir,

211 2351 351 2388 numerare
363 2339 479 2402 incipias.
512 2339 627 2390 Licinius
638 2339 705 2387 enirn
724 2339 801 2400 perlit
813 2338 846 2387 Α.
862 2336 923 2386 Cirr.
938 2349 1059 2387 cccxxv.
1091 2336 1144 2386 Sed
1156 2335 1232 2397 Pagi,
1244 2336 1311 2386 Crit.

212 2403 239 2452 iu
252 2403 346 2452 Annal.
357 2404 387 2452 C.
398 2404 494 2454 Baron.
514 2404 546 2452 ad
567 2417 627 2454 ann.
638 2407 697 2453 ste.
713 2417 739 2451 o.
755 2405 780 2451 8.
798 2403 908 2451 alteram
925 2403 1078 2464 scripturam
1100 2402 1188 2478 [qnam
1207 2401 1311 2451 Sebott.

212 2467 310 2518 Gaeab.
323 2469 420 2532 Delpir.
432 2469 524 2518 Pitirc.
545 2483 632 2519 mm
641 2467 868 2527 dominatioaiefere
878 2471 931 2528 poet
941 2467 1048 2530 quietare
1058 2469 1181 2521 decem,
1192 2463 1310 2528 prefert,
1385 2501 1387 2506 .

213 2529 1312 2658 distillatioirrisit?titt‘titittibcultttdttt

212 2661 307 2710 merie
318 2674 365 2722 per
375 2659 437 2719 iota,
449 2669 478 2708 ut
489 2661 596 2720 retiario,
607 2659 674 2722 quod
687 2659 826 2723 antiquarii
839 2657 1006 2721 jampridem
1018 2672 1051 2707 ea
1065 2659 1129 2707 Mar.
1137 2666 1165 2707 et
1182 2630 1311 2720 lapidibus

213 2725 326 2773 literatis
347 2734 510 2773 monuerunt.
553 2724 663 2787 August.
685 2733 772 2773 tamen
790 2722 874 2772 codex
892 2724 951 2771 laxa
969 2723 1059 2772 reatris
1079 2722 1206 2784 prreiert!
1217 2724 1311 2775 Sciron.

212 2790 284 2839 ‘Pro
295 2790 397 2843 merlo.
409 2791 502 2839 centor
512 2791 655 2852 corrumpit
667 2786 757 2838 Gueit’.
790 2788 873 2839 Paulo
886 2794 945 2852 pust
959 2788 1109 2836 inscientium
1122 2789 1223 2836 rotabat
1236 2788 1311 2837 Laid.

214 2852 331 2917 primun'
347 2854 482 2903 Anca-a
498 2854 614 2915 Ascariis
635 2853 727 2916 Delpb.
760 2851 830 2901 ‘Alii
850 2851 952 2902 codices
970 2853 1100 2902 doctiores
1117 2852 1238 2915 mariis:
1266 2854 1311 2902 alii

212 2917 313 2983 (forsan
330 2933 345 2966 a
363 2932 440 2967 manu
450 2919 577 2980 Victorii)
592 2919 715 2980 cpolim
731 2916 852 2968 babuisse
870 2918 1005 2979 ridentur;
1021 2932 1079 2983 qun
1102 2925 1193 2981 stupor
1210 2918 1311 2968 librarii

213 2984 316 3034 miscuit
326 2985 475 3047 creavitque
486 2983 615 3033 borridum
627 2984 782 3033 vocabulum
792 2981 935 3044 agraribus!
950 2983 1026 3032 llari.
1058 2983 1066 3009 ‘
1078 2982 1141 3032 Mor
1153 2984 1311 3033 Veronensis

214 3051 278 3115 qaod
292 3049 323 3099 ab
337 3054 736 3113 commemorationum
753 3051 928 3114 pruritusque.
959 3047 1057 3099 Pittrrel
1075 3047 1160 3108 codes
1178 3047 1313 3113 aliaeque!

710 3176 816 3228 Nom

215 3276 287 3341 polin
297 3276 322 3326 iu
331 3275 441 3326 Thracia
450 3283 668 3343 pugnatumque
679 3290 745 3339 pra·
813 3275 982 3343 πορεῖαι
1001 3274 1155 3340 meiana]
1181 3275 1240 3327 Hoc
1260 3283 1313 3330 eat,

216 3354 252 3404 lio
263 3354 346 3403 victur
358 3353 472 3403 Licinius
489 3353 645 3418 Byzantium
661 3350 747 3415 fugin
781 3353 960 3413 Palatinarum
976 3353 1095 3404 ominum
1117 3353 1219 3404 docem.
1251 3352 1313 3406 Jarn

217 3428 286 3479 nude
304 3444 320 3477 a
335 3428 505 3480 Constantino
520 3425 625 3491 fucatur
638 3429 746 3480 Chalce-
781 3444 868 3493 snpra.

216 3503 287 3554 dona
307 3504 393 3568 petiit,
414 3504 502 3571 ibique
525 3504 574 3554 ribi
596 3503 748 3568 adjunctum
818 3504 906 3558 *Fere
921 3512 975 3571 port
992 3506 1217 3571 qamtandecirrarr
1232 3505 1313 3571 [qaia-

217 3581 314 3629 eoeium
325 3579 509 3631 Martinianum
526 3581 657 3632 Cesaram
674 3580 748 3630 dirit.
782 3584 960 3649 trrrdeeirrraur]
986 3584 1050 3634 Mer.
1070 3587 1124 3647 poet
1141 3583 1313 3646 quartamdeci-

177 3655 186 3668 “
217 3654 335 3705 Indead
354 3656 534 3708 Nicomediam
553 3657 615 3722 iuga
635 3657 748 3720 elapsus,
783 3676 855 3711 naar.
886 3660 1000 3711 Licinius
1018 3659 1167 3724 Imperator
1181 3657 1314 3710 tactura,

217 3730 305 3796 ibique
317 3731 436 3782 obruetur
454 3733 624 3784 Constantino
635 3733 748 3796 supplex
784 3736 818 3785 U·
832 3740 903 3786 1062.
915 3741 975 3800 port
987 3736 1017 3785 c.
1033 3736 1067 3785 N.
1085 3739 1142 3785 81⁰.
1159 3734 1313 3799 dignitatern

217 3805 305 3857 faetor
324 3817 375 3867 ert,
396 3821 505 3873 eumque
527 3809 615 3859 adlata
634 3822 750 3874 purpura
784 3812 1033 3862 animali-ibid.
1045 3810 1314 3874 porretanoecinur

218 3886 408 3953 Imperatorem
429 3903 461 3938 ac
484 3889 621 3940 Dominum
639 3889 750 3939 vocarit.
785 3902 846 3939 raro
858 3889 978 3955 sequenti
991 3902 1068 3939 anno.

219 3965 507 4017 Cnmtautinoribidem
516 3966 749 4016 Martiniannmra·
817 3963 973 4026 ‘Ambae
985 3961 1126 4026 [dumba]
1143 3962 1186 4014 ΑΙ.
1202 3963 1267 4014 edit.
1286 3970 1315 4013 ut

219 4042 347 4103 tailitibur
369 4041 540 4093 occidendum
566 4040 695 4104 tradiditr
720 4047 749 4092 et
784 4041 851 4091 Mar.
867 4039 1012 4102 uambae,-
1027 4039 1096 4106 qnod
1119 4040 1203 4105 rnaqla
1218 4041 1315 4106 placet,

219 4118 346 4169 Licinium
373 4118 577 4168 macedonicam
608 4118 750 4180 ablegavit,
785 4117 820 4166 ob
832 4120 901 4166 rocio
910 4117 1092 4167 rusticitatem.

221 4197 296 4261 eique
319 4195 396 4259 paulo
418 4204 478 4262 port
498 4196 592 4261 laqueo
610 4196 688 4246 vitan
705 4193 750 4244 ad·
818 4188 972 4258 lAtturqne]
990 4191 1042 4242 Pro
1054 4191 1062 4219 ‘
1074 4191 1168 4245 attica·

222 4274 295 4325 amit.

286 4354 377 4419 Detpl.
387 4359 411 4405 et
423 4352 480 4404 Vre.
492 4354 557 4405 ctae.
697 4352 783 4404 Aurei.
796 4352 858 4403 Vici·
1196 4356 1212 4403 2
1228 4353 1251 4404 Ε
