3022 5026
203 372 269 441 450
499 381 612 433 snxrr
636 379 798 432 annnam
823 377 1001 429 vrcronrs

205 533 341 610 sactum,
360 524 503 594 necavit.
549 528 581 592 7.
605 521 812 609 Eugeniuml
837 543 974 610 qnoque
991 529 1176 608 tyrannum,
1196 529 1300 612 atque

205 637 417 717 Arbogasten
437 626 627 715 superarit,i
643 629 764 695 deletis
783 646 898 693 eorum
918 627 1033 693 decem
1051 627 1199 693 millibus
1216 648 1299 713 pug-

204 743 366 802 natorum.
410 732 480 798 Hic
497 733 616 799 etenim
632 730 802 817 Eugenius
816 730 963 796 confisus
982 729 1110 795 viribus
1125 729 1302 815 Arbogas·

205 842 263 921 tis,
282 845 460 925 postquam
485 835 574 921 apud
595 835 761 901 Viennam
779 834 1052 901 Valentinianum
1079 833 1301 914 extinxerat*

206 960 342 1027 regnum
356 941 502 1007 invasit:
524 938 585 1005 sed
600 957 682 1004 mox
703 938 802 1004 simui
816 957 894 1004 cum
913 938 985 1003 vita
998 938 1175 1021 imperinm
1190 935 1198 974 ¹
1223 959 1301 1023 per-

205 1045 302 1111 didit.
350 1043 384 1110 8.
407 1043 487 1109 Fuit
509 1051 623 1109 autem
646 1040 888 1109 'Plreotlosiusm
914 1040 1063 1106 moribus
1091 1049 1128 1106 et
1158 1061 1301 1127 corpore

202 1147 349 1234 Trojano
374 1144 506 1224 similis,
520 1151 683 1228 qnantum
708 1143 998 1227 scriptavetemm
1013 1148 1046 1209 et
1067 1145 1212 1227 picturae
1236 1145 1299 1210 do·

204 1256 307 1316 cent¹¹
348 1249 408 1315 Sic
423 1249 569 1314 eminens
586 1254 704 1323 status,
725 1247 874 1313 membra
895 1247 1023 1322 eadem,
1037 1266 1100 1331 par
1121 1249 1297 1323 caesaries,

205 1353 405 1436 cs,⁰absque
418 1371 471 1432 eo,
480 1348 569 1435 qued
581 1349 632 1433 illi
647 1350 849 1434 aliquantum
864 1348 1032 1416 nollendop
1046 1350 1175 1416 steriles
1189 1370 1299 1433 gente,

204 1474 314 1541 neque
328 1463 398 1520 tam
418 1454 571 1537 ingentes
584 1438 672 1519 oculi
687 1461 791 1533 erant,
812 1453 925 1519 nescio
942 1475 986 1519 an
1011 1458 1045 1519 et
1067 1460 1159 1520 taum
1182 1455 1300 1537 gratia

206 1564 387 1642 tantusque
400 1556 488 1623 iiosq
512 1555 549 1622 in
562 1554 664 1634 facie,
681 1575 740 1621 sen
756 1562 850 1621 tanta
866 1555 1010 1638 dignitus
1024 1557 1059 1621 in
1074 1557 1220 1622 incessu.
1264 1557 1299 1621 9.

207 1660 307 1727 Mens
328 1678 405 1726 vero
421 1678 556 1743 prorsus
572 1658 703 1737 similis,
719 1659 804 1724 adeo
820 1666 858 1725 ut
880 1658 961 1724 nihil
984 1659 1052 1723 dici
1076 1666 1191 1744 queat,
1206 1659 1300 1742 qnod

205 1782 272 1828 non
286 1783 331 1829 ex
345 1763 439 1828 libris
454 1763 488 1827 in
501 1762 601 1827 istum
615 1762 767 1829 videatur
780 1762 958 1827 transferri.
982 1761 1135 1827 Clemens
1151 1761 1296 1841 animus,

206 1867 408 1947 misericors,
432 1867 632 1945 communis,
652 1865 726 1931 sele
747 1866 865 1932 habitu
881 1864 1008 1930 differre
1035 1884 1074 1929 se
1093 1865 1211 1929 ceteris
1235 1883 1300 1948 pu·

206 1974 302 2050 tans3
336 1970 372 2035 in
398 1987 512 2035 omnes
540 1969 688 2036 hominos
714 1967 929 2046 honorificus,
957 1987 1071 2034 verum
1101 1966 1238 2032 effusius
1262 1968 1298 2033 iu

206 2071 334 2142 bonos:
371 2071 538 2155 simplicia
561 2069 694 2153 ingenia
720 2089 816 2155 aeque
841 2069 990 2154 diligere,
1016 2069 1147 2135 erudita
1167 2070 1294 2146 mirari,

206 2172 266 2239 sed
281 2174 439 2241 innoxia:
462 2173 573 2255 largiri
587 2192 711 2256 magno
722 2174 835 2237 animo
851 2192 990 2255 magna3
1012 2191 1122 2236 amare
1131 2172 1227 2236 cives
1242 2171 1297 2235 vel

205 2276 337 2356 privato
360 2274 579 2339 contubernio
599 2276 764 2357 cognitos,
786 2294 913 2359 eosque
930 2275 1120 2354 honoribus,
1142 2274 1297 2360 pecunia,

208 2536 319 2587 Ata-s
335 2535 444 2587 Meritus
455 2541 480 2585 et
489 2538 541 2587 cita
552 2535 626 2587 Leid.
637 2541 662 2587 2.
696 2537 761 2588 Mea
778 2537 883 2590 ‘ouett
895 2545 921 2589 et
930 2539 1023 2603 priscae
1033 2538 1093 2588 edd.
1108 2537 1200 2604 fictura
1210 2537 1299 2600 duct,

208 2610 238 2653 nt
249 2601 422 2668 praecedentis
433 2603 502 2652 secia
511 2603 588 2652 litera
598 2604 716 2668 sequenti
728 2604 867 2654 adheserit
875 2606 930 2654 sine
938 2605 1102 2655 necessitate.
1127 2602 1300 2654 Tertullianus

209 2667 363 2731 Apuleio.
373 2670 381 2695 ‘
390 2669 529 2717 Saturnum
538 2669 634 2732 itaque,
642 2676 767 2734 quantum
779 2672 861 2720 litera
869 2669 981 2719 docent!
989 2669 996 2694 '
1004 2670 1090 2720 Arnts.
1109 2669 1174 2718 Tum
1183 2667 1301 2724 assimile,

208 2733 293 2797 nicene
303 2748 329 2783 ec
343 2735 369 2783 in
381 2732 534 2799 quibtrsdam
545 2735 736 2799 exemplaribus
747 2750 791 2799 ap.
803 2736 890 2786 Vinet.
903 2743 931 2785 nt
943 2736 1049 2785 Paullus
1062 2735 1251 2785 Diaconos-u
1268 2731 1301 2783 ln

240 2943 253 2978 ¹²
273 2940 416 3008 Eugenium]
433 2944 484 2996 Qui
499 2946 691 3007 grammaticam
707 2962 735 2995 o·
777 2948 843 2998 Nam
855 2945 921 2997 infre
935 2946 1019 2998 innuit
1031 2954 1123 2996 auctor
1141 2958 1170 2994 se
1184 2942 1302 2995 Theode-

208 3020 253 3069 lim
269 3020 402 3077 docuerat,
421 3021 454 3069 ab
472 3021 614 3085 arbogaste
636 3022 736 3073 Franco
774 3023 839 3072 sium
851 3034 1008 3085 presentem
1020 3021 1122 3071 vidisse.

209 3095 355 3160 Imperator
366 3103 478 3146 creatus.
807 3101 888 3150 ⁰Por
905 3101 1021 3155 somnies,
1042 3097 1079 3161 es]
1102 3097 1178 3162 Apud
1191 3096 1301 3148 Paulum

241 3172 403 3237 *Sapernns'ss
421 3171 498 3224 Anno
509 3174 608 3240 imperii
625 3175 664 3225 sni
676 3174 735 3226 ulti·
775 3177 885 3227 Diseoo.
908 3177 980 3226 ‘Par
1004 3175 1133 3238 cesaries,
1155 3189 1183 3224 es
1203 3173 1304 3223 simile!

209 3261 261 3296 ⁰¹0·
776 3253 894 3316 Optime.

240 3324 254 3360 ¹
270 3325 399 3390 Postquam
413 3328 476 3391 opud
490 3327 605 3379 Viennam
621 3328 675 3379 Vel.
694 3345 735 3379 es·
806 3337 819 3372 Ρ
839 3328 961 3394 Vellentle]
978 3329 1093 3378 Paaaire.

208 3400 327 3464 tinxerat]
345 3400 504 3466 Arbegastea
524 3405 632 3462 scilicet.
667 3405 694 3454 Is
708 3420 735 3454 a·
805 3415 818 3450 ‘t
837 3404 1168 3466 Nesciesnettnntagrntia
1179 3409 1304 3467 tantusque

208 3480 261 3529 nim
282 3476 351 3544 apud
376 3481 502 3531 Viennam
526 3482 735 3534 Valentinianum
768 3481 830 3547 fles]
855 3484 892 3533 Es
905 3484 973 3533 enim
984 3496 1017 3531 ex
1029 3482 1137 3546 picturis
1150 3481 1238 3543 colligi
1250 3495 1302 3530 non

208 3560 301 3623 laqueo
323 3559 423 3608 curarit
447 3559 568 3625 interfici,
590 3575 657 3611 anno
678 3575 736 3612 xvr.
775 3567 892 3623 possunt.
923 3558 971 3609 His
994 3558 1076 3608 innuit
1096 3557 1254 3619 Epitomista
1275 3571 1303 3605 se

160 3672 165 3693 2
209 3633 310 3696 imperii
318 3633 466 3684 Theodosii.
774 3636 945 3688 Theodosium
958 3635 1058 3697 vidisse,
1070 3635 1112 3699 qui
1129 3634 1168 3682 sic
1184 3634 1239 3697 ejus
1251 3633 1302 3681 oris

241 3708 249 3743 ¹
267 3711 326 3759 Cum
341 3711 392 3759 nita
408 3711 477 3775 inp]
496 3708 518 3760 A
536 3711 675 3762 Tireedosii
695 3728 734 3762 sa·
776 3712 863 3764 florem
875 3723 903 3764 et
914 3716 1032 3778 gratiam,
1049 3720 1075 3761 et
1091 3712 1203 3761 incessus
1220 3709 1302 3771 digni·

209 3788 293 3838 tellite
305 3788 414 3837 eccisus.
447 3788 607 3850 Arbogastes
619 3804 680 3839 vero
698 3790 735 3840 bi·
775 3797 854 3841 tatem
878 3793 1021 3856 predicet:
1040 3789 1107 3839 unde
1130 3789 1211 3853 liquet
1234 3787 1301 3836 Pan·

209 3864 325 3929 ‹luopost
337 3865 385 3915 sibi
396 3878 485 3914 manus
496 3862 584 3916 infert.
775 3867 827 3916 lum
841 3868 983 3918 Diaconum
995 3867 1040 3933 qui
1058 3866 1148 3916 eadem
1166 3863 1251 3921 habet,
1268 3858 1301 3907 ab

242 3948 259 3974 Ι
277 3941 336 3990 Fuit
349 3945 427 3990 autern
445 3940 598 4005 medones]
615 3942 680 3993 Qnae
699 3956 736 3991 se·
775 3945 825 3996 isto
841 3947 1044 4011 transcripsisse,
1059 3954 1147 3994 contra
1163 3935 1228 4003 quod
1246 3937 1302 3986 viro

211 4025 323 4080 quuntur
334 4017 419 4066 omnia
434 4015 490 4067 fere
504 4017 535 4066 ad
549 4018 654 4067 verbum
666 4017 735 4084 apud
776 4021 925 4073 doctissime
935 4025 1031 4073 vineto
1043 4024 1122 4071 visum
1135 4016 1192 4069 t‘oit,
1203 4011 1245 4077 qui
1255 4027 1301 4076 pu·

209 4093 320 4143 Paulum
331 4095 474 4144 Diaconum
487 4096 566 4159 legas.
776 4099 842 4147 tavit
857 4098 913 4149 lraec
931 4099 963 4148 ab
978 4099 1063 4163 aliquo
1079 4094 1119 4157 qni
1143 4086 1217 4137 Pwl·
1236 4088 1301 4137 Diu·

242 4177 254 4204 ²
272 4172 370 4236 Scripta
385 4179 490 4223 osterum
499 4180 522 4223 et
531 4175 632 4239 picture
642 4174 737 4243 tinent]
777 4189 835 4225 eoo.
856 4176 973 4240 legisset,
992 4175 1050 4224 lruic
1071 4170 1197 4234 Epitomoe
1220 4166 1300 4219 t'uisse

211 4245 276 4298 Quae
287 4249 388 4301 scilicet
405 4249 437 4302 de
455 4252 566 4315 'l'rsjsne
582 4250 653 4305 facta
668 4261 736 4304 aaut.
777 4253 888 4317 adjecta.
