3022 5026
391 363 440 412 nn
466 362 568 413 vrats
590 362 840 413 rususraraus
864 363 944 412 osa.
968 364 1045 412 mv.
1191 344 1258 412 175

598 626 692 693 car
732 626 826 692 arv.
916 707 918 710 Α

466 778 698 853 AmulocrttJS,
716 778 794 825 REX
818 778 956 826 SYRIAE.

164 897 378 950 Annuusururu.
412 899 534 948 Romanis
545 898 639 947 bellum
653 896 747 958 infern
765 897 892 946 Graeciam
905 897 1010 961 ejusque
1022 896 1116 945 insulas
1128 900 1254 957 occupat;

197 981 223 1028 in
237 980 336 1041 {iuboea
354 980 526 1043 elanguesci13
542 979 601 1027 inde
617 981 746 1028 excitatus
757 980 943 1042 Thermopylas
959 986 1080 1040 occupat,
1097 976 1142 1026 sed
1157 977 1255 1038 ejectus

196 1060 223 1109 in
231 1061 317 1111 Asiam
326 1058 439 1124 refugit3
452 1062 536 1110 navali
545 1061 635 1124 praelio
643 1069 794 1124 superatum
803 1060 932 1124 Scipionis
940 1059 1055 1109 Africani
1065 1058 1144 1107 filiurn
1150 1065 1253 1120 captum

196 1143 267 1204 patri
277 1142 405 1202 remittit,
423 1157 480 1191 cnm
490 1144 520 1191 L.
532 1142 652 1205 Scipione
663 1141 777 1205 confligit
788 1159 795 1201 ;
813 1143 942 1202 vincitnr3
954 1141 1021 1191 ultra
1031 1141 1144 1191 'l'anrum
1156 1137 1254 1202 relega·

196 1231 255 1284 tar,
272 1231 300 1272 et
311 1238 326 1272 a
337 1222 469 1273 sodalibus
480 1223 607 1274 occiditur
618 1223 763 1273 Antiochus
775 1224 857 1288 Syrias
870 1238 924 1273 rex.

204 1355 236 1417 1.
257 1351 497 1434 Autronium,
521 1356 628 1442 Syriae
649 1376 718 1432 rex,
741 1355 843 1420 nimia
864 1375 964 1439 opum
987 1353 1112 1418 fiducia
1129 1349 1254 1449 bellum

162 1455 329 1521 Romanis
353 1459 473 1539 intulit,
493 1461 606 1543 specie
630 1459 876 1543 Lysimachiae·
897 1455 1104 1540 repetundae,
1118 1472 1253 1537 quamn

161 1559 345 1643 maj0ribus
361 1560 454 1624 snis'³
475 1562 509 1626 in
521 1562 842 1627 Thraciaoonditum
855 1559 1000 1624 Romani
1011 1557 1251 1642 possidebant:

161 1664 341 1747 statimque
358 1663 526 1730 Graeciam
543 1665 739 1747 insulasque
750 1663 1020 1749 ejnsoccupavit.
1042 1660 1085 1724 In
1096 1658 1251 1723 Euboea⁰

159 1762 299 1829 luxuria
323 1765 476 1846 elanguit.
518 1767 551 1830 2.
573 1765 730 1831 Adventu
760 1765 865 1829 Acilii
890 1763 1081 1830 Glabrionis
1106 1762 1250 1837 excitus,

160 1865 429 1952 Thermopylasd
450 1870 651 1951 occupavit:
677 1868 763 1934 unde
783 1868 948 1933 industria
963 1867 1073 1932 Marci
1092 1863 1251 1930 Catonis·

158 1967 297 2050 ejectus,
313 1970 346 2034 iu
361 1968 480 2036 Asiam
493 1972 624 2055 refugit.
667 1972 700 2036 3·
721 1970 845 2035 Navali
860 1970 989 2054 praelio,
1003 1971 1059 2033 cui
1075 1968 1251 2032 Hanniba-

158 2067 247 2135 lem‘
268 2071 472 2156 praefecerat,
499 2075 580 2139 aL.
603 2074 742 2137 AEmilio
768 2074 903 2155 Regillo
928 2080 1118 2156 superatus,
1143 2071 1250 2145 tilium

158 2173 329 2257 Scipionis
348 2174 511 2253 Africani,
532 2196 633 2259 quem
656 2176 744 2241 inter
761 2177 985 2259 navigandum
1001 2180 1146 2261 ceperat,
1161 2174 1250 2257 patri

157 2277 306 2358 remisit3
340 2279 396 2362 qui
413 2279 455 2357 ei,
476 2280 576 2362 quasi
596 2299 657 2362 pru
672 2278 836 2343 reddenda
850 2280 966 2362 grafia,
981 2278 1098 2357 suasit,
1113 2286 1153 2341 ut
1168 2277 1248 2341 ami-

611 2442 791 2463 ”NOOOMOO

188 2539 327 2591 cium.
348 2544 361 2589 l
381 2541 423 2591 Al.
441 2543 538 2591 nimius.
571 2543 634 2593 Mox
646 2545 720 2606 spatie
731 2544 779 2593 Ed.
791 2558 831 2606 pr.
858 2543 884 2592 in
894 2544 969 2607 specie
980 2541 1192 2605 etinspemMsr.
1205 2556 1248 2605 ap.

155 2602 294 2655 bellottus
310 2622 373 2670 mem
394 2608 495 2655 Bneud.
515 2616 542 2656 et
559 2617 666 2670 uterque
685 2610 757 2657 Laid.
776 2625 816 2671 spe
835 2609 910 2657 Fran.
929 2607 1089 2671 ‘corrupte,’
1108 2608 1143 2656 ait
1157 2606 1247 2655 Arnta.

157 2668 259 2719 Thracio
272 2673 386 2733 quondam
405 2685 450 2733 pro
465 2674 584 2721 conditam
596 2674 644 2722 Ed.
658 2690 696 2736 pr.
707 2689 764 2723 cusu
777 2674 880 2734 scriptis
892 2682 919 2722 et
936 2674 1023 2721 editis.
1058 2673 1110 2720 Pro
1128 2672 1249 2721 Graeet'um

155 2733 322 2784 Frembabet
337 2735 455 2793 Regiam
479 2735 589 2801 Agripp.
625 2738 726 2799 Regium
742 2739 849 2786 insulem.
883 2739 913 2786 Iu
930 2738 1023 2786 Euboia
1040 2737 1247 2799 Empe-Mt·

154 2798 206 2846 tilii
217 2798 278 2849 Ald.
311 2799 375 2848 Mox
386 2800 504 2848 acuatu
517 2815 564 2865 pro
583 2804 677 2853 excitus
687 2803 788 2852 Sebott.
799 2803 896 2853 Gaesb.
908 2804 1005 2866 Delplr.
1023 2802 1113 2851 Pitisc.
1129 2800 1249 2849 exercitus

647 2929 755 2982 NOTAE

186 3024 371 3090 wymundus]
382 3027 462 3079 Juxta
472 3027 634 3091 Propontida
647 3028 680 3079 ad
721 3029 808 3094 aliquo
819 3028 910 3079 ducern
923 3042 1000 3092 agere
1013 3025 1152 3082 videretur,
1169 3026 1246 3093 virgi·

153 3099 243 3151 fauces
256 3103 341 3152 isthmi
353 3120 427 3168 quem
443 3104 631 3170 Hellespontus
648 3108 680 3156 ab
722 3122 781 3155 num
792 3119 980 3171 puerorumque
989 3104 1106 3153 delectus
1115 3104 1246 3154 babebat!

156 3179 219 3229 Asia
229 3181 332 3230 diuidit.
720 3183 811 3231 Florus
824 3183 880 3232 loeo
892 3181 1093 3245 supralaudato.
1111 3179 1179 3230 Vide
1191 3180 1246 3231 Lir.

185 3257 196 3289 ¹³
214 3260 375 3318 Amujorihru
393 3259 456 3322 suis]
474 3260 563 3309 Floras
585 3258 630 3308 lib.
648 3274 679 3309 rt.
721 3256 764 3306 lib.
779 3271 879 3307 xxxur.
892 3272 953 3320 cap.
965 3262 1004 3307 ll.

154 3346 178 3395 c,
195 3336 220 3380 8.
238 3333 307 3382 ‘Hic
330 3336 515 3399 Lysimachiam
539 3335 637 3395 urbem,
654 3336 680 3385 iu
751 3332 763 3366 ‘¹
782 3334 959 3400 Thennopylos]
978 3332 1047 3383 Vide
1066 3347 1144 3397 supra
1162 3333 1187 3381 in
1206 3332 1245 3382 Μ.

154 3406 242 3457 littore
252 3410 363 3460 Thracio
380 3415 488 3476 positam
508 3429 523 3462 a
543 3413 681 3476 nrajoribus
721 3413 814 3462 Porcio
827 3414 934 3463 Catone.

153 3485 215 3546 suis,
225 3486 365 3537 Antiochus
378 3489 679 3554 uthereditariojurere·
750 3498 761 3524 ⁶
778 3491 858 3539 Mami
871 3488 981 3553 Cotoms]
997 3488 1090 3551 Supra.

152 3562 296 3625 poscebat!
330 3564 504 3616 Conditafnit
522 3582 538 3616 a
555 3568 678 3631 ποιοὺς·
762 3564 876 3617 ‘Nauali
896 3568 989 3630 praelio,
1015 3567 1054 3614 cui
1072 3563 1244 3629 Hannibalem]

152 3637 274 3689 simacho.
720 3644 811 3692 Florus
827 3643 844 3692 Ι.
856 3656 887 3692 ιι.
906 3657 930 3692 e.
944 3645 968 3691 8.
999 3640 1094 3690 Classis
1113 3640 1244 3700 regial’o·

185 3717 242 3764 elu
269 3714 371 3779 Euboe]
394 3717 542 3767 ‘Euboeam
570 3718 677 3767 insulam
718 3719 857 3783 lyxenidae,
882 3718 1072 3781 Hannibalique
1090 3717 1244 3766 commissa:

151 3793 297 3841 continenti
319 3793 491 3842 adhaerentem
516 3795 587 3843 tenui
609 3793 678 3844 freto
719 3810 776 3846 uana
795 3810 841 3844 rex
859 3796 976 3857 praelium
995 3808 1043 3842 nec
1060 3802 1181 3854 spectare
1198 3806 1245 3856 poa

152 3867 373 3930 reciprocantibus
396 3869 477 3931 aquis,
498 3870 610 3932 Ersripus
632 3871 677 3919 ah·
718 3878 794 3923 terat.
828 3872 913 3936 Igitur
930 3871 996 3919 dirce
1014 3870 1115 3919 AEmilio
1132 3868 1244 3932 Regillo,

151 3942 237 3992 scidit.
269 3944 320 3993 Hic
338 3945 390 4007 ille,
402 3946 491 4005 positis
512 3946 595 3993 aureis
614 3947 677 3995 seri·
718 3950 939 4012 adremigantibus
953 3947 1062 3996 Rhodiis
1075 3955 1130 3996 tota
1144 3947 1243 3996 laecra·

152 4018 239 4082 eisque
253 4022 380 4083 tentoriis,
400 4022 449 4070 sub
464 4022 520 4084 ipso
532 4021 592 4070 freti
610 4038 676 4071 mur·
717 4036 768 4076 tnr.
792 4026 851 4076 Hoc
859 4025 955 4076 facturn
967 4033 1031 4089 puto
1039 4038 1104 4073 anuo
1114 4027 1244 4090 sequenti,

152 4108 234 4153 mure,
253 4112 309 4146 cum
329 4098 397 4147 inter
414 4097 513 4147 fluenta
532 4099 601 4148 tibiis
618 4098 675 4147 tidi-
716 4112 851 4166 postquam
863 4103 894 4151 ad
905 4101 1091 4165 Thermopylas
1102 4112 1241 4167 pugnaturn

151 4168 250 4235 busque
267 4174 423 4237 concineret,
438 4176 538 4224 collatis
555 4176 676 4241 undiquc,
715 4188 764 4232 est.
788 4179 1097 4232 vinculatorum.

150 4250 266 4314 quamtis
283 4266 330 4316 per
346 4254 465 4318 hiemem,
482 4255 556 4320 rosis,
571 4270 605 4306 ne
622 4269 674 4306 uon
