3022 5026
546 330 720 378 uerrutis.
760 332 843 378 cur.
861 330 990 381 xxxv.
1247 320 1313 386 423

220 476 301 540 Hoc
324 480 472 557 tempore
499 474 534 538 in
559 475 640 538 urbe
662 472 776 538 Roma
797 477 969 540 monetarii
991 476 1203 557 rebellarunt,
1226 500 1312 562 quos

217 578 418 643 Aurelianus
435 577 545 642 victos
565 577 681 642 ultima
702 578 898 642 crudelitate
922 580 1141 662 compescuit.
1187 584 1218 646 5.
1242 582 1312 649 Iste

218 683 343 765 primus
370 680 459 762 apud
482 681 659 745 Romanos
683 680 869 744 diademam
896 681 1001 762 capiti
1028 682 1201 762 innexuit3
1225 706 1314 766 geur-

216 783 358 865 misque,
369 789 403 845 et
418 791 536 846 aurata
548 784 637 845 omni
656 789 776 859 vasten
792 782 882 866 quod
900 784 1009 846 adhuc
1022 783 1090 846 fere
1108 783 1312 865 incognitum

217 882 382 951 Romanis
403 887 550 950 muribus
569 886 750 961 visebatur,
766 905 846 949 usus
866 892 929 949 est.
972 887 1005 949 6.
1028 885 1098 949 Hic
1113 889 1215 949 muris
1232 889 1313 952 rali-

216 986 366 1051 dioribus
379 996 412 1052 et
426 988 611 1052 laxioribus
626 987 752 1051 Urbem
769 988 883 1070 sepsit.
919 987 1070 1051 Porcinae
1087 988 1198 1050 curnis
1214 1009 1314 1055 usum

216 1088 347 1173 populu
378 1090 529 1154 instituit.
588 1091 620 1154 7.
653 1089 723 1153 Hic
752 1089 936 1167 Tetricum,
962 1090 1021 1173 qui
1053 1089 1240 1172 imperator
1267 1094 1312 1157 ab

216 1192 424 1256 exercituin
450 1178 586 1256 Galliis.
602 1190 743 1254 effectus
769 1189 890 1268 suerat,
915 1197 1132 1255 correctorem
1149 1191 1312 1260 Lucaniae

215 1293 383 1375 provexit,
398 1313 579 1377 aspergens
594 1292 760 1357 huminem
781 1293 924 1375 eleganti
943 1293 1034 1376 joco,
1051 1294 1237 1359 Sublimius
1253 1296 1314 1360 ha-

215 1393 359 1458 bendum
374 1415 486 1478 regere
508 1396 652 1478 aliquam
669 1395 780 1460 Italiae
797 1404 939 1479 partem,
956 1416 1056 1479 quarn
1075 1405 1163 1462 trans
1181 1398 1311 1480 Alpes⁰

216 1516 361 1576 regnare.
404 1498 435 1562 8.
462 1498 655 1563 Novissime
672 1499 812 1562 fraudep
827 1500 915 1563 servi
928 1501 1006 1575 sui,q
1022 1501 1079 1584 qui
1092 1502 1133 1564 ad
1146 1502 1315 1585 quosdam

214 1599 379 1664 militares
400 1601 502 1676 viros,
523 1603 651 1666 amicos
671 1603 791 1684 ipsius,
815 1601 955 1666 nomina
979 1603 1116 1686 pertulit
1138 1612 1310 1680 annotata,

214 1700 302 1765 falso
330 1722 463 1767 manum
492 1704 566 1789 ejus
596 1706 759 1782 imitatus,
787 1712 949 1790 tanquam
979 1703 1183 1770 Aurelianus
1215 1707 1312 1790 ipsus

214 1811 345 1888 pararet
359 1806 525 1885 occidere,
536 1808 579 1871 ab
595 1807 713 1871 iisdem
726 1807 920 1872 interfectus
929 1814 980 1872 est
994 1808 1027 1872 in
1041 1808 1172 1872 itineris
1189 1809 1310 1885 medio,

215 1905 307 1990 quod
322 1908 429 1973 inter'
444 1909 778 1995 Constantinopolim
799 1918 836 1975 et
851 1909 1054 1976 Heracleam
1071 1920 1135 1975 est.
1179 1911 1212 1976 9.
1235 1910 1313 1976 Fuit

211 2029 327 2076 saevus
344 2021 380 2077 et
393 2014 635 2096 sanguinarius,
648 2021 681 2079 et
696 2021 770 2080 trux
786 2015 877 2080 omui
892 2022 1053 2097 tempore,
1066 2014 1167 2079 etiam
1182 2015 1242 2078 filii
1255 2035 1312 2081 so-

213 2113 297 2176 roris
326 2114 538 2179 interfector.⁸
580 2116 634 2181 10.
670 2116 748 2182 Hoc
778 2125 928 2200 tempore
957 2107 1089 2200 septem
1120 2117 1314 2182 mensibus‘

212 2214 386 2301 interregni
402 2219 534 2302 species
549 2219 672 2285 evenit.

670 2334 852 2356 nanneno

206 2413 362 2468 ,tnta-4⁸
375 2381 475 2469 ῖίἐίοε.ι
484 2417 552 2468 Edd.
562 2419 660 2469 hebent
671 2421 755 2477 uictu,
765 2427 792 2469 et
804 2420 841 2469 illi
852 2420 959 2469 lectioni
972 2419 1076 2468 ridetur
1086 2417 1175 2469 ferere
1182 2419 1311 2483 Vopiscus

210 2480 238 2528 ln
251 2479 341 2531 Aurei.
359 2498 417 2543 cap.
432 2487 473 2532 st.
484 2497 543 2531 curn
555 2497 616 2532 sero
626 2485 699 2532 eidos
711 2491 738 2532 et
750 2484 851 2534 Schotti
870 2485 929 2532 libri
942 2493 968 2532 et
980 2486 1029 2532 rusi
1041 2485 1183 2548 requirent,
1195 2499 1241 2532 cur
1253 2484 1310 2534 sine

210 2547 367 2595 necessitate
393 2546 453 2595 fidei
478 2561 565 2595 eorum
589 2547 793 2611 repugnaretul'
817 2550 955 2597 Arata-t
977 2548 1108 2597 Videbatur
1125 2563 1172 2612 pro
1189 2547 1310 2597 visebatur

211 2608 313 2658 Schott.
328 2609 425 2658 Gsesb.
442 2610 540 2672 Delph.
558 2612 651 2661 Pitisc.
670 2620 761 2661 contre
775 2611 901 2660 code-t
920 2612 1064 2661 Veronens.
1075 2627 1181 2661 mess
1193 2613 1311 2660 tremissas

209 2673 312 2734 elegosli
323 2673 380 2736 loeo,
393 2687 527 2736 perperenr
542 2674 609 2725 torte
621 2675 834 2739 prnjoco.judice
847 2676 999 2726 Solunte-8
1012 2678 1118 2726 Pertulit
1128 2681 1241 2725 assueto
1251 2677 1309 2725 ebs·

210 2752 261 2800 que
272 2738 366 2787 nomiae
376 2740 439 2788 Mss.
452 2755 493 2799 sp.
504 2740 606 2790 Scirutt.
640 2741 702 2790 Mox
712 2739 741 2788 ri
750 2741 774 2788 in
786 2750 846 2790 aute
858 2742 955 2790 itineris
966 2744 1040 2790 erneis
1053 2742 1189 2790 includunt
1208 2742 1309 2792 senon.

211 2801 308 2855 Gsesb.
318 2804 414 2868 Delph.
426 2804 519 2854 Pitisc.
552 2805 584 2855 In
593 2820 667 2871 seqq.
677 2806 799 2855 Erociiorn
809 2804 883 2860 Leid.
894 2811 918 2856 l.
933 2806 1050 2856 Aradium
1062 2805 1135 2856 teto.
1146 2809 1223 2856 elter.

241 3017 260 3044 ¹¹
278 3010 375 3060 Primus
394 3012 457 3073 opud
479 3011 600 3062 Remum
619 3011 738 3075 dirum]
775 3010 856 3060 tricus
868 3010 1003 3076 imperium
1017 3011 1157 3061 iurrserat.

212 3087 247 3138 At
258 3102 338 3152 suprs
356 3087 381 3136 iu
394 3088 513 3151 Caligulr
532 3091 635 3152 scripsit
648 3090 739 3153 Epito-
806 3097 820 3130 Ρ
837 3086 1079 3152 Nouissimesrastle]
1096 3089 1164 3139 Haec
1182 3103 1261 3153 usque
1273 3089 1307 3139 sd

208 3165 302 3214 miste:
315 3163 434 3214 ‘Primus
444 3164 591 3215 disdemrte
603 3166 682 3229 cupiti
693 3165 739 3213 iur·
767 3165 821 3225 seit
838 3181 923 3228 secer,
946 3166 978 3215 ed
1001 3166 1109 3216 verbum
1131 3181 1164 3216 ex
1180 3166 1306 3231 Eutropio

208 3240 303 3304 posito,
314 3241 450 3289 Dominum
461 3255 488 3289 se
501 3241 581 3304 jussit
596 3240 740 3305 appellari!
775 3241 859 3292 hausit
871 3243 1035 3305 Epitouriste.

208 3316 286 3369 Quod
297 3310 383 3366 enors'
399 3333 427 3368 se
442 3319 567 3381 seriptum
584 3331 634 3368 non
651 3332 739 3368 reeor-
807 3327 820 3361 t
836 3318 905 3368 Serri
915 3316 966 3380 ssi]
983 3318 1124 3368 Mnesthei.

208 3393 324 3449 daretur.
335 3400 363 3443 et
381 3395 450 3458 apud
463 3395 526 3444 alins
544 3398 685 3459 scriptores
703 3395 739 3444 le·
807 3396 933 3446 ‘Itineris
940 3393 1177 3460 minumum]
1194 3395 1236 3445 Ad
1248 3396 1306 3448 Cae·

209 3470 291 3531 uisset
306 3469 331 3519 id
343 3477 444 3519 tentum
463 3472 739 3529 tentrssecslirulsrn,
774 3472 951 3536 uoplrrurinm.
980 3471 1047 3522 vide
1059 3473 1086 3522 in
1098 3472 1255 3522 Cesaribus.

207 3546 250 3596 lric
263 3545 297 3595 de
309 3545 447 3597 Aureliano
464 3547 552 3611 prodit
563 3547 631 3613 qnod
649 3562 738 3598 verum
805 3556 814 3581 ¹
830 3548 971 3614 Eliorufflii
982 3548 1070 3598 sororis
1080 3548 1233 3612 mascator]
1250 3549 1303 3599 Irn-

207 3631 265 3684 est;
282 3623 304 3671 is
320 3622 388 3671 eninr
402 3624 500 3687 primus
518 3624 637 3673 (liederus
656 3625 738 3688 cupiti
772 3639 815 3675 ruo
826 3625 887 3675 filie
900 3626 1005 3690 sororis,
1020 3636 1049 3676 ut
1061 3626 1186 3690 Vopiscus
1202 3642 1234 3675 ex
1246 3627 1303 3689 plu·

205 3699 344 3763 imposuit:
363 3699 451 3749 Ctsrr
469 3701 537 3750 euim
553 3700 602 3749 sibi
620 3701 736 3751 oblsturn
773 3704 839 3751 rium
857 3704 1003 3753 sententies
1024 3704 1067 3768 qui
1081 3712 1165 3753 temen
1183 3705 1243 3754 alibi
1257 3706 1302 3762 rit,

206 3777 233 3826 iu
257 3776 411 3840 Capitolium
430 3777 519 3828 misit:
543 3776 672 3828 Antonius
690 3779 733 3829 hs·
769 3779 895 3830 ‘Addunt
906 3781 1030 3840 nonnulli,
1045 3781 1123 3831 iiliuru
1135 3783 1239 3843 sororis,
1250 3797 1301 3832 non

206 3853 273 3916 buit,
281 3853 327 3902 sed
337 3867 387 3902 nou
400 3853 498 3903 Romus.
769 3856 858 3913 tillem.
869 3857 902 3908 sb
914 3857 1006 3908 eodem
1019 3857 1205 3909 interfectum!
1228 3859 1301 3910 Quos

155 3973 161 3982 ,
199 3975 203 3981 ,
239 3929 461 3993 'Geminisqsmt
480 3933 565 3979 welo
582 3931 645 3980 esini
658 3933 734 3999 rme]
769 3942 874 3984 secutus
896 3934 1004 3998 Eutrop.
1026 3933 1122 3984 ‘Trux
1144 3935 1214 3984 omni
1236 3933 1305 3986 teni

207 4006 351 4071 vopiscus:
367 4007 455 4057 ‘'l'unc
468 4006 519 4055 illae
529 4016 624 4070 restes,
634 4024 697 4074 quse
709 4011 734 4061 in
768 4029 842 4079 pore,
859 4014 939 4063 etiarn
957 4011 1002 4063 tilii
1020 4014 1115 4063 sororis
1129 4011 1300 4064 interfector!

205 4085 302 4145 templo
312 4083 378 4134 Solis
390 4082 516 4147 ridemus,
526 4085 653 4135 coorertss
664 4099 734 4149 genr-
770 4090 806 4140 Et
825 4089 978 4153 Eutropium
994 4089 1037 4138 liic
1055 4090 1151 4141 Noster
1167 4090 1235 4141 lions
1246 4088 1297 4143 fids

204 4157 271 4208 ntis)
770 4166 943 4231 transcripsit.

236 4243 250 4269 ⁸
267 4236 346 4292 Quen
364 4242 432 4290 troas
446 4237 534 4303 Alpes]
552 4238 583 4288 In
594 4237 734 4303 Aquitanis
800 4245 809 4278 ¹
824 4242 919 4308 Septen
937 4240 1065 4306 miss]
1086 4242 1169 4296 Immo
1189 4258 1246 4302 sex,
1266 4248 1297 4295 ot

205 4311 316 4369 seilicet,
331 4311 375 4362 ubi
396 4313 666 4383 prnsidetnmregeus
682 4317 732 4368 'ls-
766 4320 883 4387 snprsin
895 4319 1050 4371 Coessrllsns.
1125 4332 1129 4339 ’
