3022 5026
519 334 693 382 nnrroun.
732 335 815 382 cnr.
840 333 996 387 xxxix,
1232 323 1297 388 427

202 479 390 556 vocabulis,
417 479 526 545 donee
552 477 728 562 imperinm
752 485 911 552 sumeret,
927 479 1074 544 'Diocles
1094 481 1299 563 appellatus,

202 583 259 644 ubi
275 581 365 644 orbis
391 580 538 647 Romani
552 582 738 666 potentiam
763 581 865 664 cepit,
881 580 1022 647 Graium
1040 601 1160 647 nomen
1173 584 1208 648 in
1224 583 1299 650 Ro·

203 702 336 747 manum
348 704 471 750 morem
484 686 651 750 convertit
663 705 673 764 3
696 685 875 768 imperavit
888 684 1112 766 annisviginti
1126 686 1301 770 quinqua*l

201 785 233 848 2.
266 785 303 848 Is
333 785 581 852 Maximianum
610 786 803 870 Augustum
833 786 964 867 effecit;
1002 787 1237 853 Constantium
1265 798 1301 857 et

203 886 374 953 Galerium
391 889 652 968 Maximianum,
675 897 897 973 cognomento
912 889 1167 967 Armentarium,
1184 890 1300 956 Caesa·

124 1065 126 1069 ,
202 1011 253 1055 ras
264 992 400 1071 creavit,
415 993 550 1058 tradens
565 993 763 1059 Constantio
778 994 1002 1071 Theodoram,
1013 992 1171 1057 Herculii
1187 991 1299 1057 Maxi-

202 1093 307 1157 miani
331 1095 528 1177 privignam‚
555 1097 691 1181 abjecta
709 1116 818 1161 uxore
839 1096 953 1180 priori.
997 1097 1030 1160 3.
1053 1094 1133 1159 Hoc
1152 1101 1300 1177 tempore

203 1195 410 1261 Charausio‘
424 1198 458 1261 in
473 1197 611 1276 Galliis,
629 1197 805 1265 Achilleus
826 1197 917 1281 apud
934 1198 1130 1283 AEgyptum,
1145 1196 1301 1262 Julianus

203 1300 236 1363 in
251 1298 354 1364 Italia
372 1299 595 1385 Imperatores
615 1302 735 1378 effecti,
758 1302 891 1367 diverso
916 1303 1012 1366 exitu
1032 1301 1172 1384 periere.
1214 1301 1247 1362 4.
1271 1300 1300 1364 Ε

204 1402 327 1486 quibus
341 1401 500 1469 Julianus
512 1415 591 1471 acto
606 1426 666 1490 per
681 1415 795 1471 costas
811 1407 968 1488 pugione,
982 1406 1015 1468 in
1031 1405 1138 1488 ignem
1155 1423 1192 1468 se
1208 1403 1303 1489 abje-

205 1503 260 1567 cit·
304 1506 337 1570 5.
361 1506 598 1573 Diocletianus
614 1529 695 1573 vcro
710 1507 799 1593 apud
818 1497 1075 1574 Nicomediamd
1096 1513 1219 1590 sponte
1238 1506 1302 1569 irn-

204 1606 348 1688 periales
363 1609 472 1674 fasces
488 1613 684 1696 relinquens,
701 1616 735 1678 in
752 1614 896 1695 propriis
913 1612 1023 1694 agris⁸
1039 1611 1224 1676 consenuit.
1267 1609 1302 1672 6.

205 1707 276 1787 Qui
291 1709 369 1775 dnm
385 1714 429 1776 ab
446 1713 609 1780 Herculio
622 1711 633 1751 ¹
645 1725 751 1800 atque
767 1714 907 1780 Galerio
923 1714 966 1778 ad
992 1712 1220 1798 recipiendum
1237 1712 1300 1775 im·

205 1813 332 1892 perium
359 1823 539 1896 rogaretur,
554 1825 715 1901 tanquam
731 1824 863 1900 pestem
888 1816 1036 1899 aliquam
1056 1815 1242 1886 detestans,
1265 1813 1302 1877 in

205 1910 293 1978 hunc
314 1916 448 1981 modum
475 1920 663 2003 respondit:
695 1919 835 1985 Utinam
862 1919 1000 1985 Salonas
1024 1918 1173 2003 possetis
1195 1917 1302 1980 visere

206 2015 299 2082 oleru
325 2020 449 2085 nostris
475 2023 627 2087 manibus
652 2023 819 2101 instituta,
842 2022 995 2106 profecto
1022 2040 1189 2106 nunquam
1212 2017 1301 2083 istud

205 2120 396 2186 tentandum
403 2121 612 2209 judicaretis.
656 2125 690 2188 7.
711 2122 812 2189 Vixit
826 2143 931 2190 anuos
946 2125 1125 2208 sexaginta
1140 2130 1232 2202 octo,
1255 2140 1302 2186 ex

664 2285 845 2310 monnone

205 2381 304 2443 iurata,
315 2385 356 2434 sel
367 2400 412 2436 suo
424 2386 481 2437 luco
497 2393 568 2439 mota
585 2402 642 2438 esse
660 2395 749 2439 censet
766 2389 883 2451 cupems
900 2387 932 2438 ad
951 2388 1069 2438 Lactaut.
1083 2388 1115 2436 de
1130 2389 1212 2438 Mort.
1228 2387 1303 2463 Dera.

205 2449 1303 2580 unliugaidaiillitistillulis,'ll;tlt.‘.‘',‘tl;:l⁸.::r

205 2591 299 2626 nomeu
311 2581 459 2656 mutaverit,
471 2582 591 2657 ”immi
605 2534 835 2658 demonstravimus
854 2583 879 2631 iu
899 2582 958 2630 diss.
977 2551 1009 2629 de
1027 2581 1186 2657 Cis-'lfaoid
1198 2595 1258 2638 rap.
1271 2579 1304 2656 ,ι’

205 2639 1208 2773 intentatus?:attitulati's‘sinlt'llfl'fliul
1225 2644 1304 2760 {ltu

206 2770 228 2818 ai
241 2771 318 2819 liceat
328 2772 415 2822 dicere
433 2773 493 2837 quid
506 2777 625 2836 sentiam,
638 2775 712 2824 valde
724 2778 865 2836 amplector
882 2779 1045 2836 scripturam,
1063 2782 1172 2839 quaeest
1191 2775 1216 2822 in
1234 2774 1304 2839 Gry·
1371 2834 1376 2845 ,

206 2835 306 2898 pisiania
317 2838 376 2886 edd.
386 2839 448 2887 oleta
459 2853 506 2903 pro
516 2841 598 2897 oleru
614 2843 728 2902 quamvis
741 2841 823 2890 Aldus
833 2850 860 2891 et
871 2843 994 2890 Srlrottus
1005 2847 1157 2903 repugnent.
1166 2854 1214 2889 uec
1223 2839 1303 2890 inex·

206 2902 304 2964 carptis
316 2913 460 2954 nostrorum
468 2907 586 2956 codicum
595 2907 646 2956 nlla
656 2908 767 2956 varietas
779 2908 1028 2966 adnoternr3verum
1037 2915 1088 2955 tam
1097 2907 1190 2969 exigna
1201 2905 1302 2954 illarum

207 2965 339 3018 literarum
351 2970 462 3020 varietas
474 2969 596 3024 facillime
614 2971 654 3022 rel
671 2975 758 3023 oculos
770 2972 961 3038 diligentissimi
972 2972 1086 3036 csrjusris
1096 2981 1184 3036 potest
1195 2969 1306 3036 fugere!

707 3119 813 3170 NO‘l'AE

207 3229 252 3279 lini
266 3230 392 3279 senatoris
408 3229 544 3281 libertinus
556 3231 635 3283 luisse
646 3230 735 3281 creda·
809 3229 959 3296 trinam]
976 3231 1013 3282 At
1031 3237 1133 3282 constat
1151 3231 1303 3283 Herculinm

209 3305 271 3357 tur.'
482 3369 486 3375 η
776 3311 868 3360 eadem
879 3326 930 3375 qua
949 3310 1140 3361 Diocletianum
1154 3309 1206 3366 die,
1223 3310 1304 3374 impe·

240 3383 681 3450 bussuumusqeuqse]1mmo
700 3387 735 3436 sl·
777 3386 842 3437 rium
866 3389 1033 3450 deposuisse;
1047 3387 1083 3436 ita
1102 3396 1129 3435 ut
1149 3387 1175 3434 in
1197 3386 1304 3435 Salonas

101 3502 104 3510 .
209 3458 273 3523 giuti
293 3468 412 3522 tantum;
434 3472 461 3511 et
483 3478 562 3525 snpra
581 3464 670 3513 Victor
689 3465 736 3526 ait,
776 3479 852 3519 unus,
868 3465 934 3513 alter
946 3464 970 3512 in
983 3462 1120 3513 Lucaniam
1137 3463 1304 3513 concederet.

208 3537 340 3586 celebrato
351 3537 736 3603 magnifieeimperiirigesimo,
776 3541 828 3591 Sed
848 3543 905 3591 irasc
922 3542 1055 3603 aliquanto
1072 3547 1131 3605 post
1145 3539 1217 3591 sacta
1235 3546 1305 3602 suut,

208 3613 345 3675 imperium
356 3614 516 3675 deposuisse.
776 3619 913 3669 Maxentio
935 3618 1052 3669 Herculii
1068 3617 1122 3668 filio
1141 3618 1305 3681 Imperatore

240 3698 251 3725 ⁶
270 3691 414 3756 classaria]
431 3693 737 3757 SupraVictor‘Corau·
777 3705 866 3745 creato
879 3711 925 3757 per
933 3694 1145 3760 praetorianorum
1154 3694 1303 3756 tumultum

209 3767 275 3817 aium
286 3766 293 3786 '
306 3775 389 3816 vocat.
776 3781 937 3836 quapropter
954 3771 1087 3834 imperium
1105 3771 1223 3820 resumsit
1236 3771 1304 3820 Her·

240 3843 253 3876 ἆ
271 3843 446 3908 Nicomediam]
465 3844 496 3894 lu
515 3847 645 3911 Bithynis,
662 3861 677 3898 e
697 3864 737 3899 re·
777 3848 869 3905 culina,
890 3848 1132 3911 Diocletianumque
1151 3861 1197 3911 per
1216 3847 1305 3896 literas

211 3919 287 3984 gioue
299 3920 475 3982 Propontidis.
623 3952 627 3957 -
778 3923 929 3973 adlrortatua
946 3930 987 3973 est
1000 3924 1056 3987 lpse
1068 3925 1147 3974 etiam
1159 3923 1303 3987 depositam

242 4004 254 4030 ⁸
275 3996 305 4046 Is
320 3996 424 4060 propriis
444 3997 522 4063 uria]
544 3998 596 4049 ‘ln
609 4001 667 4050 silla
679 4016 737 4066 qnae
778 4009 921 4049 resumeret
932 4006 1105 4063 potestatem3
1122 4014 1185 4060 quaa
1201 4000 1304 4050 Diocle.

210 4071 593 4137 nandprorulrsalostren.’
626 4077 738 4140 Eutrop.
779 4074 862 4125 tiam
880 4075 965 4124 irritas
983 4075 1080 4125 habuit.
1114 4075 1183 4125 Vide
1194 4077 1305 4144 Eutrop.

209 4146 312 4274 Saturina
335 4160 423 4202 autem
450 4151 491 4202 sel
511 4150 607 4202 Salona
628 4151 654 4201 iu
675 4153 739 4204 Del·
779 4152 854 4203 initio
864 4151 910 4204 lib.
921 4165 950 4203 x.
960 4160 988 4204 at
999 4152 1095 4204 Zoalm.
1104 4152 1150 4206 iib.
1159 4167 1193 4205 u.

210 4233 265 4275 mat
276 4239 300 4276 a.
