3022 5026
281 323 347 392 238
578 337 692 390 saxrr
719 336 882 387 ananan
908 339 1083 389 vroronrs

280 490 475 554 nitebantur
490 505 606 550 omnes
621 503 739 548 casnm
756 490 858 547 tantae
874 482 1009 547 familiae
1022 483 1123 547 lenire
1135 482 1377 559 adolescentuli

281 611 362 675 spe:
385 598 453 656 tum
471 588 552 671 quia
566 593 665 651 natus
680 587 714 649 in
730 587 880 650 exercitu
904 585 1009 668 (unde
1033 594 1282 668 cognomentum
1307 589 1378 653 cal-

280 702 451 760 ceamento
467 685 619 754 militari¹
641 687 863 774 quaesiverat)
878 689 1068 770 legionibus
1084 708 1181 754 carus
1198 679 1377 774 acceptus·

280 816 348 880 quo
365 794 562 857 habebatur.
592 793 624 855 5.
640 790 813 856 Praeterea
829 791 1110 874 prudentissimus
1126 793 1270 873 quisque
1286 795 1379 859 simi·

279 898 343 963 larn
357 895 427 960 lore
444 895 545 959 suism
568 894 744 971 credebat;
767 894 857 975 quod
881 894 980 976 louge
1004 913 1116 969 secus,
1133 894 1233 976 quasi
1248 904 1377 963 naturae

278 1000 363 1083 lege,
392 1018 470 1082 qnae
502 997 616 1061 crebm
641 1003 799 1080 tauquam
829 1015 875 1060 ox
903 997 1065 1061 industria
1091 997 1199 1059 malos
1224 1016 1244 1061 e
1268 998 1378 1076 bonis,

281 1110 432 1185 mutes
443 1121 462 1164 e
473 1098 691 1177 doctioribus,
704 1107 740 1164 et
752 1109 884 1164 ceteros
899 1097 1149 1183 hujuscemodi,
1165 1119 1226 1162 seu
1239 1109 1356 1165 contra
1365 1110 1379 1137 ¹¹

279 1205 394 1289 gignit.
421 1203 453 1268 6.
469 1201 548 1280 Quo
563 1202 697 1266 demum
712 1203 870 1286 exemplo
885 1203 1085 1285 sapientium
1098 1202 1210 1286 plnres
1226 1205 1378 1268 caruisse

278 1307 395 1373 liberis
411 1306 524 1371 utilius
539 1303 692 1369 duxere-⁰
734 1306 765 1370 7.
783 1304 937 1370 Ceterum
953 1305 986 1369 iu
1004 1303 1158 1386 Caligula
1179 1304 1268 1369 haud
1295 1326 1379 1389 qua·

279 1428 382 1494 qnam
406 1427 484 1473 vero
512 1408 690 1491 plurimum
718 1409 878 1484 aberunt,l
893 1409 1020 1492 qnippe
1044 1409 1102 1493 qui
1129 1409 1186 1474 diu
1217 1411 1378 1476 immania

279 1512 382 1577 animi
398 1512 444 1575 ila
459 1509 596 1595 pudore,
612 1530 653 1575 ac
667 1511 809 1594 parendi
831 1514 954 1598 specie,
978 1513 1163 1589 obtexerat,
1186 1513 1234 1577 uti
1256 1511 1377 1575 merito

278 1612 480 1696 vulgaretur,
496 1633 604 1697 neque
620 1614 776 1679 meliores
787 1614 957 1679 famulosp
981 1635 1089 1699 neque
1103 1616 1300 1681 atrociorem
1317 1614 1376 1677 do·

278 1718 404 1781 minum
419 1717 480 1780 illo
502 1717 621 1781 fuisse.
666 1717 822 1801 Denique
845 1724 964 1782 nactus
988 1722 1200 1800 potestatem,
1220 1717 1270 1781 uti
1295 1715 1378 1779 talia

278 1816 411 1902 ingenia
426 1819 548 1884 veteris
562 1821 669 1884 solent
684 1821 762 1883 anni
778 1821 979 1897 ιιιιιιιιιίὺιιε,ιι
995 1822 1127 1904 egregia
1142 1819 1183 1883 ad
1201 1819 1376 1905 populum,

278 1920 363 1986 iuter
378 1920 519 1996 Patres,‘
533 1941 609 1986 cnm
626 1922 787 1987 militibus
801 1922 927 2006 gessit:
944 1922 1123 2008 delataque
1139 1923 1376 2006 conjuratione,

311 2069 323 2102 ⁸
335 2071 445 2120 Ceteram
455 2072 585 2121 aalomado
595 2072 695 2121 maltam
705 2072 826 2122 distabant
837 2088 852 2122 a
863 2087 916 2124 uero
927 2087 998 2137 asper
1010 2074 1130 2137 Caligula.

279 2281 371 2331 ordine
379 2282 463 2331 omnia
471 2280 563 2331 tierent
574 2281 708 2343 planiora!
716 2283 837 2332 Harl-tl
846 2283 1013 2345 Similemsore
1020 2285 1058 2335 asi
1064 2298 1151 2336 ornnes
1161 2293 1257 2346 prater
1264 2284 1379 2333 (lruner.

279 2362 336 2398 coru
348 2347 409 2412 Bip.
442 2349 483 2397 De
495 2348 597 2397 schotti
617 2351 770 2412 conjectura
786 2349 843 2398 aliis
863 2353 975 2414 probata
993 2352 1108 2415 reposuit
1120 2350 1282 2401 (irenen-'l
1300 2349 1375 2398 Harl.

774 2461 880 2511 NOTAE

278 2549 317 2600 nis
335 2556 363 2599 et
381 2548 468 2613 Drusi,
487 2564 551 2613 quor
570 2549 698 2599 indicatos
718 2550 805 2600 hoster
846 2551 929 2616 rique,
943 2558 972 2601 ut
989 2553 1081 2601 melios
1098 2550 1178 2601 l'uarit
1191 2552 1223 2599 de
1242 2550 1318 2600 rebus
1329 2552 1376 2601 ho·

277 2625 347 2676 t'sma
359 2626 470 2676 necarit.
488 2626 562 2675 Suet·
572 2625 631 2675 'lib-
642 2629 683 2674 58.
697 2633 723 2674 et
735 2631 776 2676 se.
845 2628 926 2677 mauis
937 2630 991 2679 sine
1005 2628 1156 2692 posteritate
1166 2626 1314 2676 decedere:
1330 2627 1374 2677 ln·

309 2701 317 2736 ¹
335 2704 499 2753 Calceamenlo
510 2703 623 2766 militari]
633 2703 709 2754 Quod
721 2704 805 2767 caliga
845 2705 878 2754 de
890 2706 1025 2769 eleganter
1035 2704 1121 2755 Greci
1137 2703 1229 2767 ‘ttpdau
1239 2704 1319 2753 eosdm
1329 2702 1376 2753 ab·

277 2779 393 2841 dicitur,
411 2779 470 2828 iude
484 2781 605 2842 Caligula,
619 2781 692 2844 qnasi
706 2787 713 2808 ‘
725 2796 804 2842 parra
845 2785 897 2838 aaa.

277 2857 360 2920 caliga
370 2855 387 2918 ;'
403 2856 470 2919 qnod
483 2871 514 2905 eo
525 2858 701 2905 calceamento
712 2856 744 2903 ad
762 2857 804 2903 de·
878 2859 993 2922 rNeque
1013 2858 1120 2907 melfiam
1139 2856 1256 2920 samaias]
1278 2857 1375 2921 Lagea.

277 2936 411 2984 merendus
424 2934 517 2984 milites
530 2942 660 2994 uteretnr3
676 2948 734 2981 nam
747 2947 804 2994 gre·
846 2934 906 2984 dnm
932 2950 1006 2998 aeque
1027 2937 1145 2984 mellonia
1165 2934 1293 2993 samolum.
1336 2935 1376 2984 Ex

278 3015 405 3076 pariorum
421 3019 518 3060 tantum
528 3012 637 3059 militum
648 3011 805 3059 calceamen·
845 3013 953 3061 Baeton.
968 3025 1026 3075 cap.
1038 3024 1064 3060 x.
1081 3010 1229 3075 ‘Tantiqne
1248 3011 1271 3058 in
1290 3027 1376 3069 arrum,

277 3097 332 3140 turn
345 3089 412 3151 luit3
427 3099 457 3138 ut
475 3105 506 3136 ex
517 3089 601 3137 Tacit.
621 3088 664 3137 lib.
677 3102 698 3137 ι.
712 3087 806 3137 dunat.
846 3095 873 3137 et
889 3089 932 3151 qni
949 3088 1026 3151 justa
1042 3096 1116 3136 eram
1135 3087 1262 3150 obsequii,
1279 3093 1309 3135 ut
1325 3101 1375 3136 nou
1475 3125 1477 3130 .

276 3168 344 3217 Vide
356 3174 384 3215 et
395 3168 501 3215 Sueten.
511 3170 568 3215 αθ.
845 3163 974 3213 immerito
986 3164 1020 3212 sit
1032 3163 1130 3212 dictum
1148 3176 1197 3210 nec
1212 3177 1312 3213 servum
1324 3179 1377 3212 me·

309 3252 326 3278 ¹
343 3243 452 3293 Similem
467 3242 525 3303 fore
542 3242 593 3290 sais
610 3240 672 3306 [ssi]
691 3241 805 3290 Omnino
846 3238 934 3288 liorem
952 3239 1040 3294 ullum,
1056 3253 1104 3288 nea
1121 3239 1278 3289 deteriorem
1295 3241 1376 3290 dorni·

275 3321 414 3384 tegendum
428 3321 487 3380 auis,
499 3326 528 3368 nt
546 3319 644 3381 optime
664 3318 804 3368 schottus:
845 3332 906 3366 num
925 3315 1022 3366 luisse!
1057 3318 1161 3382 Alioqui
1179 3317 1317 3368 barbarum
1336 3329 1378 3371 est

276 3395 303 3445 id
315 3405 364 3452 est,
377 3397 454 3459 patri,
465 3410 523 3455 svo,
537 3409 641 3456 proavo.
844 3395 950 3444 meliores
959 3393 1075 3458 sanisloa,
1087 3395 1226 3444 atrociorem
1236 3397 1365 3446 dominam.

307 3481 320 3506 ¹
336 3473 385 3522 Seis
400 3472 493 3535 eontra]
512 3472 571 3520 lloc
583 3481 631 3529 est,
644 3485 658 3518 a
669 3470 743 3518 malis
759 3470 803 3520 ho·
875 3481 888 3515 u
906 3471 974 3520 Talis
989 3472 1085 3534 ingenia
1095 3472 1183 3521 ueteris
1193 3473 1268 3522 soleal
1278 3487 1318 3522 aa.
1331 3473 1374 3537 ιιι]

276 3564 371 3611 nos,ea
384 3550 527 3612 agrestibus
538 3548 677 3602 doctiores,
689 3549 739 3596 dre.
845 3549 916 3611 Lege
937 3563 994 3598 cnm
1018 3549 1049 3598 l’.
1067 3549 1168 3598 l’ithoeo
1187 3549 1284 3611 ingeris
1300 3549 1376 3598 deleri

307 3629 444 3677 eamme
453 3626 535 3674 liberis
547 3625 630 3674 utilius
640 3622 741 3687 dasne]
755 3625 804 3673 Lu·
844 3628 920 3677 solent
935 3642 1006 3676 am.
1040 3627 1089 3676 Vel
1109 3640 1166 3675 corn
1185 3624 1376 3675 Gruterocerti

274 3706 395 3755 colentur
408 3718 484 3766 super
496 3704 544 3751 hac
562 3717 599 3762 re,
618 3717 648 3750 ac
664 3702 733 3750 lecto
748 3701 804 3765 dig·
843 3703 928 3751 soleat.
971 3703 1044 3752 Dicit
1064 3717 1107 3751 eos
1131 3703 1173 3766 qui
1198 3715 1302 3766 regnum
1322 3714 1375 3748 arn·

274 3782 395 3830 missimus
407 3781 478 3828 locos
490 3788 539 3836 est,
550 3776 805 3840 spudffilinmflpsr·
845 3778 929 3837 hiant,
953 3780 1037 3842 primo
1065 3778 1201 3842 populares
1229 3790 1259 3825 sc
1285 3774 1374 3824 civiles

274 3856 372 3905 tianom
385 3858 409 3904 in
422 3856 533 3904 Severo:
550 3853 604 3901 ‘Et
618 3854 747 3916 reputanti
759 3853 805 3902 mi·
845 3870 919 3916 esse3
937 3857 982 3904 sed
1002 3870 1072 3913 mos,
1088 3868 1224 3920 personam
1243 3852 1311 3900 lllsm
1328 3865 1374 3900 ea-

274 3935 309 3989 hi,
332 3936 498 3984 Diocletiane
521 3933 648 3995 Auguste,
677 3933 805 3983 neminem
846 3946 917 3992 uere,
927 3929 1035 3995 fierique
1047 3945 1138 3991 sevos,
1150 3937 1259 3977 atroces.

274 4025 358 4075 prope
378 4026 526 4074 magnorum
546 4011 657 4059 virorum
678 4011 803 4073 optimum
877 4015 887 4040 ¹
906 4008 1013 4070 Egregia
1028 4009 1059 4056 ad
1075 4006 1194 4068 papulam,
1209 4003 1274 4050 ister
1285 4003 1374 4055 Patres

274 4093 302 4134 et
314 4088 403 4135 utilem
422 4086 500 4136 filiurn
518 4086 651 4150 reliquisse
671 4086 733 4134 satis
752 4086 805 4134 cla·
844 4083 953 4148 [portes]
976 4083 1084 4146 Optime
1107 4082 1139 4128 P·
1163 4077 1292 4143 Pithoeus,
1310 4084 1375 4133 ialer

274 4170 324 4210 ret.
357 4162 479 4226 Denique
502 4171 546 4211 aut
568 4163 623 4210 sine
645 4161 734 4210 liberis
753 4162 803 4210 virt
843 4160 940 4209 Patres.
983 4159 1022 4208 lla
1046 4155 1167 4219 Csllgnln
1189 4158 1375 4222 popularitate,

273 4236 437 4296 interierunt,
449 4246 496 4287 aot
512 4239 577 4287 tales
592 4237 736 4288 habuerant
748 4239 803 4302 ple·
845 4236 903 4286 ride
915 4237 1023 4287 Baeton.
1035 4246 1092 4297 cap.
1106 4237 1145 4281 lt.
