3022 5026
378 393 429 440 nn
452 391 555 443 VIRIS
579 393 833 444 tnnnsrntntts
857 395 939 445 ΟΔΡ.
964 397 1142 448 LXXXIII.
1237 383 1302 450 227

206 537 280 616 fuit,
290 547 369 623 post
385 539 482 623 cujus
497 537 640 616 caedem,
655 537 809 603 collectis
821 539 984 623 reliquiis,
999 542 1033 604 in
1048 542 1178 627 Syriam
1190 546 1301 613 rediit.

206 642 240 706 2.
263 643 419 718 Osacem,
435 640 655 724 praefectum·
675 640 812 723 regium,
839 640 930 724 apud
958 640 1140 709 Orontemb
1164 649 1302 714 fluvium

146 766 149 772 ·
207 745 391 830 superavit.
436 744 469 808 3.
486 743 587 821 Dein,
603 743 692 827 quod
707 742 852 807 coemtis
873 743 1027 827 Syriacis
1053 751 1217 815 mercibus
1241 752 1303 817 soe·

206 849 347 914 dissime
363 847 601 929 negotiaretur,
618 846 770 929 Caryota
784 848 1041 929 cognominatus
1056 857 1132 913 est.e
1176 855 1208 915 4.
1230 855 1304 918 Tri·

205 954 314 1018 hunus
329 950 440 1035 plebis
455 950 625 1016 Caesarem
641 951 862 1033 oppugnavit.
907 953 937 1014 5.
965 952 1062 1017 Bello
1088 953 1180 1018 civili
1205 953 1303 1020 Pom-

205 1057 316 1140 peium
343 1060 481 1120 secutus
502 1055 605 1120 classi
634 1054 782 1139 praefuit.
827 1053 860 1118 A
884 1053 1021 1120 Caesare
1051 1056 1180 1121 veniam
1210 1076 1303 1122 acce·

205 1160 275 1243 pit;
297 1167 406 1223 mmen
422 1158 580 1224 adversus
606 1179 684 1223 eum
709 1158 950 1243 conjurationis
974 1167 1089 1224 auctor
1105 1179 1180 1224 cum
1197 1159 1305 1224 Bruto

205 1261 279 1338 fnit,
294 1267 326 1325 et
340 1262 374 1324 in
390 1261 483 1325 caede
498 1261 666 1327 dubitanti
682 1262 829 1340 cuidam,
838 1259 906 1327 Vel
920 1283 981 1346 per
996 1282 1060 1340 me,
1070 1263 1189 1346 inquit,
1204 1261 1305 1327 ieri:d

206 1382 394 1447 magnoque
410 1365 562 1428 exercitu
578 1373 790 1453 comparato,
808 1365 844 1428 in
871 1364 1078 1430 Macedonia
1102 1365 1208 1431 Bruto
1224 1386 1306 1430 con·

202 1466 343 1551 junctus
359 1468 392 1530 in
407 1467 537 1550 campis
553 1467 736 1551 Philippiis
754 1467 797 1532 ab
814 1467 964 1532 Antonio
979 1468 1101 1545 victus,
1124 1488 1200 1532 cnm
1226 1488 1306 1533 ean·

206 1569 280 1633 dem
296 1569 484 1637 fortunam·
507 1570 604 1635 Bruti
625 1575 768 1654 putaret,
784 1570 844 1652 qui
868 1569 1039 1636 Gaesarem
1056 1572 1196 1647 vicerat,
1224 1570 1304 1636 Pin-

204 1671 287 1737 daro
314 1674 434 1737 liberto
460 1672 616 1756 jugulum
643 1672 799 1756 praebuit.
843 1675 875 1738 6.
908 1671 1015 1758 cujus
1044 1679 1147 1738 morte
1179 1674 1306 1752 audita,

204 1773 373 1840 Antonius
389 1777 600 1841 exclamasse
614 1775 746 1852 dicitnr,
757 1773 850 1841 Vici.

668 1957 845 1978 'nanneno

239 2072 444 2124 Cenuxxrn.
476 2074 645 2123 voracem.
678 2074 724 2124 Sic
740 2073 851 2123 emendo
871 2072 904 2122 de
922 2072 1035 2133 ingenio.
1068 2072 1100 2122 In
1117 2073 1182 2123 bles.
1200 2074 1307 2138 wracen

207 2141 330 2203 scriptum
344 2141 430 2191 iuveni
442 2148 470 2190 ct
481 2140 603 2204 Syrceee:
621 2154 696 2205 quern
709 2154 760 2189 non
769 2139 900 2205 agnosco-⁹
916 2138 1011 2189 &Icta

705 2287 815 2338 NOTAE

238 2389 250 2416 ⁸
266 2385 375 2437 orarem,
384 2383 536 2449 profertum]
553 2383 637 2434 Cicer.
651 2385 735 2448 Epist.
775 2382 848 2434 scitis
861 2382 995 2448 palmulae,
1005 2389 1125 2447 caryotas
1138 2382 1163 2432 in
1173 2383 1249 2447 Syria
1260 2399 1306 2448 pe-

204 2459 238 2509 etl
251 2460 307 2511 Att.
324 2462 369 2510 lib.
382 2475 409 2511 v.
420 2476 462 2526 ep.
477 2466 518 2513 2⁰.
545 2471 552 2493 ⁶
567 2464 680 2513 liomore
691 2463 735 2512 ed·
775 2474 834 2511 rere
844 2462 870 2510 irt
889 2458 993 2522 Iudaea,
1004 2459 1031 2509 in
1048 2458 1126 2509 Italia
1144 2473 1195 2509 non
1212 2461 1307 2526 poete!

207 2544 298 2587 ventus
315 2539 407 2596 nostri,
424 2547 452 2589 et
468 2539 566 2594 Cereio,
582 2540 625 2604 qui
644 2539 735 2588 Antio·
778 2539 899 2603 esryorae
910 2537 1012 2588 Gellice
1023 2539 1111 2587 datter.

206 2614 265 2662 cbin
285 2615 432 2675 tenebatur,
449 2616 550 2665 animur
567 2617 689 2677 accessit,
709 2627 737 2665 et
808 2613 820 2648 ‘¹
840 2613 1159 2676 Velperme,inqrrit,seri]
1182 2613 1305 2677 Slcrpud

207 2691 312 2741 Peribit
336 2693 412 2741 timor
434 2693 543 2757 injectos
564 2702 622 2752 ectr
648 2694 736 2757 itaque
777 2688 908 2740 Jnetiunnr
931 2687 1043 2738 Gobries
1064 2689 1169 2751 Magum
1192 2692 1306 2742 medinm

206 2783 250 2817 ece
262 2769 386 2817 cedentes
398 2769 429 2817 ab
440 2767 538 2831 oppido
554 2768 658 2817 Cresin'r
670 2770 737 2818 inre·
777 2764 920 2827 amplexus,
929 2754 1110 2812 cruciantibus
1124 2764 1211 2824 sociis,
1223 2780 1256 2815 ne
1267 2768 1307 2830 ip.

206 2852 290 2899 cutus,
302 2858 354 2892 rem
368 2843 433 2891 bene
445 2843 536 2905 gessit.
561 2845 619 2895 Qun
630 2844 656 2892 in
667 2842 737 2908 iuge,
777 2855 833 2890 enm
856 2854 902 2902 pre
919 2839 999 2900 Mago
1018 2835 1223 2899 transfoderent,
1245 2843 1307 2904 quit

206 2935 301 2983 magne
312 2921 478 2979 eructantem,
490 2919 588 2968 Osaces
605 2918 657 2967 dux
672 2919 736 2968 Per·
777 2935 819 2970 ree
833 2919 945 2969 obscuro
965 2921 1023 2968 ioco
1040 2919 1192 2982 gerebatur,
1207 2919 1248 2968 vei
1261 2934 1306 2981 per

207 2997 319 3054 thorum,
332 2997 423 3045 vuinus
433 2996 547 3059 aceepit,
561 3011 644 3059 eoque
656 2996 736 3046 inter·
776 3010 849 3046 suum
860 3008 954 3060 corpur
967 2993 1037 3058 adigi
1054 2994 1132 3056 Mago
1147 2993 1307 3057 ierrnmJ'ne·

207 3075 238 3124 iit
258 3076 348 3138 paucis
367 3082 423 3137 port
435 3072 543 3122 diebus!
576 3073 673 3123 Osaces
686 3073 737 3123 Pe·
776 3072 820 3123 eit.

207 3153 261 3201 cori
274 3152 319 3202 filii
332 3153 399 3215 regis
412 3151 508 3201 Orodis
524 3152 626 3200 nomine
638 3152 736 3200 exerci-
808 3160 820 3187 ⁰
846 3152 906 3199 Curre
927 3149 1025 3199 eundern
1037 3147 1175 3212 sartonam]
1209 3149 1306 3199 Brutus

208 3236 262 3278 turn
280 3229 405 3279 ductabat
420 3245 435 3278 e
452 3227 542 3278 Cestio
560 3230 644 3278 victus
657 3228 690 3279 A.
703 3227 736 3279 U.
777 3228 900 3291 Augusti,
913 3225 1039 3275 Antonios
1052 3239 1114 3273 vero
1126 3225 1208 3275 Cestii
1219 3236 1306 3276 caetra

207 3309 268 3355 7⁰2.
776 3304 922 3355 devicerat:
942 3302 1306 3365 Caerinreutemcntnrepido

239 3381 393 3446 hOrontem]
416 3382 446 3431 In
458 3382 544 3448 Syrie.
776 3381 875 3442 impetn
887 3378 1045 3441 recipientes
1063 3391 1090 3426 ee
1108 3377 1184 3426 Bruti
1202 3380 1306 3441 equites

237 3466 248 3491 ⁶
267 3458 616 3524 Carpetaeoguomieatrrreet]
631 3458 735 3523 Quippe
776 3457 888 3517 videret,
906 3453 1000 3518 fugere
1021 3453 1172 3512 arbitrator,
1191 3462 1306 3505 transac-

207 3549 265 3583 cum
285 3534 310 3582 in
323 3534 398 3597 Syria
414 3541 527 3583 tanturn⁴
540 3545 654 3600 caryotae
663 3535 670 3556 ⁹
680 3550 737 3585 nee·
778 3543 832 3585 torn
845 3533 878 3583 de
892 3532 1009 3595 pertibus
1027 3542 1107 3592 ratos,
1118 3533 1161 3580 uni
1172 3531 1206 3582 tie
1219 3534 1306 3598 prexi-

207 3617 309 3666 csntnr,
334 3611 365 3659 iis
390 3611 522 3674 precipue
547 3612 739 3675 negotiabatur.
778 3609 1237 3678 miaauferendunrpraebnitcepnt.
1259 3611 1305 3661 vt·

206 3685 282 3737 Verr.
292 3688 338 3738 tin.
349 3687 380 3738 de
390 3687 430 3737 Ite
440 3688 547 3738 Rustica
558 3703 617 3753 cap.
628 3692 651 3739 1.
661 3692 669 3717 ‘
679 3689 739 3741 Non
778 3689 812 3740 tie
826 3689 894 3739 Iler.
903 3688 921 3737 l.
932 3701 970 3737 tv.
981 3702 1005 3738 c.
1015 3689 1040 3737 t.
