3022 5026
626 361 741 410 ANNAE
766 360 975 411 PRAEFA'NO·

664 521 927 573 svenncrrnsso

421 630 456 676 n.
475 629 510 678 rr.
528 627 680 683 snsvro.
695 627 921 677 runonosro.
937 627 1008 676 nro.
1025 627 1177 677 vrcnonr

633 730 793 779 seusun.
812 728 981 779 avnvsro

361 835 472 885 snxr.
488 834 695 884 avannrvs.
712 834 864 882 vroron.
882 835 917 880 v.
934 835 1084 882 o.vnn1.
1103 834 1236 883 runnu.

510 937 645 987 rvnnx.
660 936 879 986 succentu.
894 937 1172 986 conur'rrouvrr.

599 1042 637 1090 n.
655 1040 694 1088 u.
712 1039 752 1086 u.
767 1041 803 1100 o.
821 1040 854 1087 n.

254 1129 322 1195 Sed
337 1129 415 1194 inde
432 1129 547 1212 potius
563 1128 673 1211 colligi
687 1147 788 1213 posse
811 1127 950 1192 arbitror
965 1125 1052 1190 hunc
1072 1125 1246 1191 Aurelium
1262 1125 1345 1192 Vic-

253 1238 370 1308 torem,
394 1232 490 1316 cnjns
513 1231 548 1295 in
570 1230 634 1296 hac
656 1230 872 1314 inscriptione
895 1228 1027 1307 mentio,
1044 1229 1185 1294 eundem
1205 1249 1280 1294 esse
1303 1250 1367 1297 ac-

253 1335 459 1418 snperiorem
475 1333 531 1417 qni
548 1332 690 1399 siccitas
705 1350 778 1406 suae
795 1337 929 1417 tempus
952 1351 1061 1415 nsque
1083 1331 1126 1396 ad
1149 1330 1289 1396 Arcadii
1311 1337 1347 1398 et

254 1437 400 1502 Honorii
426 1435 651 1521 principatum
677 1435 847 1520 perduxit.
891 1433 984 1499 illud
1013 1443 1123 1499 tamen
1153 1434 1348 1519 scrupulum

255 1540 317 1604 tibi
331 1558 465 1605 movere
479 1538 600 1623 possit,
615 1558 686 1617 cur,
707 1538 737 1602 si
750 1536 908 1602 Aurelius
929 1537 1050 1603 Victor
1071 1539 1134 1601 sub
1150 1535 1299 1602 Arcadio
1315 1541 1349 1603 et

254 1642 407 1708 Honorio
423 1643 557 1720 vixerit,
571 1641 661 1706 idem
672 1641 707 1706 in
719 1638 891 1706 Caesarum
904 1641 983 1705 vitis
993 1640 1078 1706 ultra
1091 1639 1115 1705 J
1117 1640 1265 1705 ulianum
1277 1659 1347 1705 non

254 1752 389 1830 pergat:
412 1763 524 1810 verum
540 1744 647 1809 multa
667 1745 771 1809 etiam
789 1743 824 1807 in
843 1762 949 1808 causa
974 1762 1051 1808 esse
1074 1751 1265 1827 potuerunt,
1288 1761 1349 1809 cur

254 1847 416 1914 Aurelius
431 1846 550 1912 Victor
564 1847 599 1912 in
612 1845 635 1911 J
637 1847 750 1912 uliano
765 1847 859 1930 operi
871 1866 934 1911 suo
945 1846 1080 1911 modurn
1094 1845 1231 1911 dederit.
1257 1845 1292 1912 N
1295 1864 1350 1911 am

255 1952 399 2016 sortasse
419 1950 621 2033 reliquorum
637 1950 874 2033 imperatorum
897 1949 985 2014 vitas
1006 1967 1070 2014 non
1085 1954 1153 2015 tarn
1167 1952 1352 2034 praetermi-

255 2053 311 2130 sit,
326 2071 427 2137 quam
443 2071 500 2116 eas
515 2051 559 2116 ad
573 2051 733 2134 majorem
750 2051 915 2117 scribendi
929 2051 1137 2133 diligentiam
1156 2055 1349 2131 reservavit,

256 2155 346 2240 qnod
362 2155 403 2219 de
418 2173 455 2219 se
470 2153 587 2220 scribit
602 2151 803 2236 Eutropius.
846 2150 895 2217 Ut
908 2172 986 2217 vere
1000 2153 1110 2217 dicam
1125 2152 1213 2235 quod
1226 2155 1350 2232 sentio,

256 2256 405 2322 libellum
430 2255 499 2320 ‘de
522 2253 735 2320 Caesaribus'
763 2254 941 2319 auctiorem
965 2254 1044 2317 olim
1067 2254 1175 2319 fnisse
1204 2275 1287 2333 reor,
1315 2264 1351 2321 et

257 2359 441 2425 Theodosii
457 2358 560 2424 vitam
576 2359 781 2441 amplexum.
825 2357 893 2422 Sed
909 2360 1105 2443 paulopost
1127 2376 1204 2423 cnm
1228 2360 1351 2442 aliquis

258 2461 409 2546 ejusdem
424 2460 493 2525 iere
508 2461 676 2526 {etatisex
685 2461 751 2526 hoc
765 2460 891 2540 libello,
903 2465 938 2524 et
947 2460 1035 2538 aliis,
1046 2480 1166 2544 nempe
1176 2461 1350 2538 Suetonio,

259 2564 435 2649 Eutropio,
457 2563 653 2642 Ammiano,
676 2561 866 2648 Epitomen,
888 2563 943 2628 vel
964 2563 998 2627 in
1021 2563 1075 2628 sui
1100 2564 1220 2647 ipsius,
1242 2565 1296 2629 vol
1315 2565 1351 2630 in

259 2665 399 2732 aliorum
414 2685 511 2731 usum
527 2666 704 2744 texuisset,
718 2666 764 2730 ita
778 2667 901 2732 factum
917 2685 989 2731 esne
1000 2672 1037 2731 nt
1050 2666 1184 2731 libellus
1201 2666 1265 2730 ‘de
1276 2665 1353 2734 Cae·

261 2768 415 2837 saribns’
429 2769 597 2855 paulatim
612 2768 785 2852 neglectus
799 2769 833 2833 in
848 2788 968 2833 manns
981 2767 1152 2834 hominum
1167 2772 1302 2850 venerit,
1318 2777 1352 2837 et

259 2873 377 2940 multis
390 2873 522 2938 mendis
536 2873 727 2956 inquinatus
738 2878 773 2939 et
786 2881 881 2956 parte
895 2873 949 2936 sni
964 2873 1065 2938 etiarn
1079 2874 1228 2940 mutilus.
1252 2875 1352 2941 Hanc

260 2976 409 3061 iniquam
428 2980 551 3040 sortem
567 2995 629 3059 per
650 2975 897 3042 abbreviatores
918 2994 1001 3041 suos
1020 2977 1116 3041 multi
1139 2977 1198 3041 alii
1223 2978 1353 3061 experti

260 3087 352 3158 sont,
366 3085 403 3144 nt
417 3079 551 3162 Trogus
575 3076 763 3162 Pompeius
785 3096 845 3162 per
865 3076 1049 3156 lustinum,
1065 3077 1181 3146 Iivins
1203 3099 1260 3164 per
1276 3080 1354 3146 Flo·

260 3200 348 3260 rum,
362 3184 425 3247 uc.

305 3285 396 3350 Haec
410 3291 498 3363 sunt,
510 3283 641 3363 Iactor,
653 3303 729 3369 quas
737 3288 848 3349 tecum
858 3283 1102 3350 communicate
1112 3284 1216 3350 volui.
1238 3286 1354 3372 AEqno

262 3389 376 3456 animo
399 3388 502 3453 ieram
525 3394 558 3453 te
573 3388 667 3452 aliter
686 3387 820 3466 sentire,
837 3387 904 3451 imo
926 3391 961 3453 et
982 3387 1116 3452 omnino
1139 3394 1257 3471 parata
1278 3411 1354 3456 snm

262 3492 324 3558 has
339 3498 453 3575 partes
467 3490 628 3567 deserere,
649 3491 710 3555 nbi
729 3491 871 3576 primurn
891 3508 952 3572 per
974 3488 1109 3554 te·mihi
1129 3490 1239 3556 datum
1254 3492 1355 3558 fuerit

262 3593 418 3661 tutiorem
433 3593 633 3658 sententiam
647 3592 841 3676 amplexari.
886 3590 1007 3655 Dahis
1021 3591 1136 3677 ntique
1147 3594 1269 3659 certius
1280 3613 1354 3676 pro-

261 3697 415 3762 nuntiare
429 3694 613 3778 potuissem
636 3693 668 3756 si
691 3691 771 3757 mihi
793 3693 844 3758 vir
865 3691 1003 3757 illustris
1020 3699 1053 3759 et
1067 3694 1248 3761 admodum
1261 3714 1356 3760 reve·

265 3798 391 3865 rendns
415 3795 562 3863 Hnetins
587 3795 706 3860 Abbns
728 3792 917 3859 Alnetanns
938 3814 980 3859 ea
1002 3796 1083 3861 mihi
1110 3796 1355 3865 communicare

265 3902 442 3986 potuisset,
458 3919 535 3983 ane
555 3897 626 3983 jam
642 3896 723 3962 olim
737 3916 836 3981 super
851 3899 1044 3964 auctoribus
1059 3897 1183 3962 noscis
1198 3908 1357 3966 accurate
1449 3974 1453 3983 ¹

263 4003 507 4085 disputaverat.
551 4000 620 4067 Sed
644 4019 686 4065 ea
710 4000 805 4067 fatali
832 4000 978 4083 quadam
1001 4006 1104 4078 sorte,
1127 4018 1203 4084 quae
1224 4021 1357 4086 semper

249 4105 363 4207 ‚bellis
378 4105 476 4169 rebus
490 4104 624 4183 invidet,
643 4106 782 4187 periere.
824 4103 947 4169 Eorum
957 4103 1091 4187 jactura
1106 4121 1204 4188 neque
1220 4106 1282 4171 tibi
1296 4105 1358 4173 mi·

265 4207 366 4292 hique
381 4207 526 4273 dolenda
537 4213 600 4273 est.
622 4205 723 4273 Vale.
