3022 5026
287 373 353 440 360
579 382 694 435 anxur
718 381 878 432 auaeurr
903 379 1078 430 vreroara

288 552 417 599 morum
446 528 588 596 eidemm
614 528 716 594 modo
740 529 889 605 vibrans,
910 527 1060 592 libenter
1084 526 1273 612 accipiebat
1299 527 1376 594 cerii

289 637 334 701 ab
372 633 614 700 intendentibus
627 639 643 666 ²¹
685 636 846 715 tanquam
881 629 965 694 aoiis
995 629 1098 694 radiis
1126 637 1267 713 aspecto
1301 624 1404 694 auos

289 736 323 803 A
350 735 446 819 eujus
477 733 563 800 facie
591 733 668 799 dunt
694 733 831 818 qnidam
868 733 962 796 milas
994 733 1113 798 oculos
1142 738 1315 808 averteret,
1343 741 1379 796 et

289 841 537 921 interrogaretur
575 837 618 900 ab
652 856 703 913 eo,
735 855 794 901 eur
827 836 873 900 ita
903 836 1041 911 iaceret,
1067 833 1251 919 respoudit,
1285 832 1381 913 Quia

289 942 413 1007 fulmen
428 939 598 1005 oculorum
622 951 753 1004 tuorum
775 937 860 1002 ferre
879 957 945 1001 uon
966 956 1113 1020 possum.
1156 938 1211 1002 24.
1225 936 1311 1002 *Nee
1326 944 1378 1001 ta-

288 1063 368 1111 men
381 1043 432 1107 vir
446 1048 556 1108 tantus
571 1043 662 1107 vitiis
671 1043 797 1107 caruit:
820 1041 885 1106 init
900 1042 985 1105 enim
1001 1039 1174 1125 paululum
1186 1041 1377 1123 impatiens,

289 1147 405 1213 leniter
419 1143 626 1221 iracundus,o
638 1144 771 1209 occulte
784 1143 929 1220 invidus,
944 1142 1055 1225 paiam
1071 1141 1251 1207 factiosus:
1275 1162 1379 1224 porro

289 1256 400 1314 autam
422 1247 625 1326 dominandi,
641 1267 742 1332 snpra
765 1267 866 1332 quam
892 1245 1048 1310 aestimari
1075 1250 1197 1327 potest,
1221 1244 1379 1318 aridissie

289 1360 390 1430 mus,¹’
414 1350 585 1415 studiosus
610 1351 693 1414 aieae
720 1351 838 1415 lusor.q
880 1349 934 1413 25.
957 1347 1107 1431 Cumque
1130 1357 1223 1411 esset
1244 1346 1313 1411 eibi
1337 1366 1380 1412 ae

290 1453 360 1519 vini
380 1453 532 1529 muitum,
549 1451 757 1536 aliquatenus
775 1471 854 1516 vero
875 1452 982 1515 somni
1003 1451 1189 1527 abstinens,
1211 1450 1380 1514 serviebat

290 1561 401 1626 tamen
416 1552 548 1618 libidini
563 1573 668 1637 usque
683 1554 726 1618 ad
747 1556 904 1639 probrum
921 1553 1068 1635 vulgaris
1080 1554 1215 1643 samam*
1237 1572 1313 1616 narn
1329 1553 1379 1616 iu·

290 1666 340 1722 ter
354 1656 552 1722 duodecim·
566 1658 764 1737 catamitos,t
778 1656 983 1740 totidemque
998 1657 1130 1740 puellas
1145 1657 1305 1721 accubare
1320 1674 1379 1720 so·

747 1820 924 1844 ΝΟΝΟΝΝΙΙ

291 1919 331 1970 tt
343 1919 490 1971 iataeriibur
506 1919 665 1970 Veronenrir
682 1920 740 1971 eod.
775 1921 908 1970 Praeterea
928 1921 1043 1984 reperturi,
1062 1929 1089 1970 et
1106 1936 1158 1970 rem
1177 1921 1271 1985 quidun
1289 1934 1379 1970 omnea

293 1993 392 2048 prater
413 1986 526 2036 Gruner.
543 1994 570 2035 et
588 1986 648 2048 Bip.
674 1986 730 2035 dam
740 1987 833 2051 quidem
845 1983 933 2036 Goeii.
952 1986 1026 2036 beid.
1039 1991 1061 2034 i.
1076 1994 1104 2035 et
1121 1985 1182 2034 edd.
1196 1989 1272 2047 maie,
1288 1987 1379 2050 judice

294 2049 384 2100 Aruta.
416 2051 479 2100 Mox
496 2049 544 2099 ’Τὸ
563 2052 638 2101 aab·
658 2049 742 2100 abiait
762 2050 794 2100 ab
810 2051 883 2115 [Aid.
902 2051 942 2116 et]
961 2051 1078 2101 omnibua
1096 2052 1246 2116 imprearia;
1263 2066 1310 2113 pro
1327 2067 1380 2116 quo

293 2114 402 2179 Grypbii
414 2114 586 2166 edacitabet·
618 2113 691 2165 Infra
702 2131 749 2180 pro
761 2118 889 2167 eirtautaa
901 2115 1067 2180 Artgurtanua
1078 2117 1136 2167 eod.
1153 2117 1230 2166 babet
1243 2132 1285 2167 aec
1303 2123 1381 2168 tamea

215 2236 219 2248 Ι
290 2179 369 2229 virtu
395 2181 463 2229 eitiia
486 2180 581 2230 caruit!
597 2181 767 2230 Senatu-at
783 2182 881 2231 Leniter
898 2183 1129 2232 armamentum
1147 2192 1244 2243 preter
1266 2183 1381 2233 (iruuer.

294 2251 323 2293 et
335 2244 395 2306 iiip.
406 2243 497 2306 probb.
507 2243 584 2295 Anne
597 2247 673 2296 Fabri
686 2254 712 2295 et
724 2245 814 2296 Aruta.
834 2247 898 2297 Mox
908 2247 1093 2300 rtadioaiarirear
1105 2247 1200 2297 Pitiroei
1212 2247 1269 2298 eod.
1280 2257 1306 2296 et
1317 2263 1381 2310 qua·

293 2316 355 2358 taor
378 2309 475 2372 vulgati
494 2309 586 2372 quibua
607 2325 667 2359 naua
687 2319 729 2359 ert
750 2312 884 2375 subortae,
904 2310 1081 2374 Attpurtauua.
1096 2314 1251 2362 Bariiieuree
1269 2312 1332 2369 duo,
1351 2320 1382 2362 et

292 2373 416 2437 thpbii.
434 2373 574 2433 ‘Mitigant
583 2375 639 2422 vitii
652 2375 876 2437 reprehensionem
888 2376 979 2427 Gueii.
997 2386 1024 2428 et
1035 2377 1099 2426 editi
1122 2390 1169 2439 per
1196 2377 1315 2426 oaitivnm
1326 2382 1380 2426 ata·

291 2438 381 2488 dmm.
413 2438 652 2502 attemptandum
663 2454 709 2504 pro
726 2440 877 2491 onidierimaa
896 2442 969 2491 Leid.
981 2447 1003 2491 i.
1025 2440 1109 2504 [atu]
1126 2391 1286 2492 troitum·
1297 2443 1382 2492 editio

293 2510 322 2554 et
333 2504 415 2554 aitera
426 2502 556 2567 erupuit?
572 2505 720 2556 Aratu-25
743 2505 801 2556 Virri
811 2507 880 2557 matti
897 2507 957 2557 Aid.
970 2506 1014 2557 aeti
1026 2508 1124 2556 mattam
1136 2516 1241 2556 tuentur
1257 2508 1322 2558 bita.
1334 2523 1378 2570 ap.

293 2566 388 2621 Arata.
421 2568 486 2619 Tum
497 2584 576 2618 marro
589 2570 660 2620 Laid.
673 2575 695 2620 1.
727 2571 758 2621 ln
770 2586 843 2636 aeqq.
854 2587 897 2624 tex
910 2587 955 2635 pro
966 2572 1165 2623 metuuntur
1176 2573 1314 2633 Sobotttet
1332 2588 1382 2635 pro

292 2633 414 2684 edundis
432 2642 503 2695 aunt,
517 2643 585 2686 terte
602 2635 724 2701 Syiburg·
741 2638 785 2703 qui
802 2638 892 2688 maiiot
903 2639 1066 2696 cotumbtirirr
1083 2646 1111 2689 ut
1130 2640 1183 2689 rint
1200 2640 1244 2705 qni
1261 2640 1381 2689 mercede

783 2766 891 2817 NOTAE
962 2816 965 2821 .

325 2869 343 2895 ¹¹
362 2860 459 2926 Ciot'iir]
475 2863 560 2928 Supra
571 2864 597 2913 iu
610 2864 707 2916 Caaar.
859 2864 966 2915 serenda
983 2865 1031 2917 iata
1049 2867 1155 2917 Sueten.
1171 2872 1285 2933 cap-21.
1302 2868 1383 2918 ‘Tan-

325 2946 338 2972 ¹
356 2939 416 2989 cedi
436 2940 466 2988 ab
485 2940 670 3005 iutmdeutibm]
689 2943 697 2970 ⁴
715 2941 819 2992 Gaude·
859 2952 913 2992 tum
924 2941 1190 3009 abfuitaeupiditate
1205 2946 1383 3011 quoquomodo

293 3014 398 3080 batque,
416 3017 437 3065 ri
454 3019 511 3082 quia
523 3019 572 3067 ribi
583 3019 666 3068 aerim
678 3019 820 3080 contuenti,
860 3019 993 3082 imperium
1013 3020 1052 3068 rei
1075 3020 1192 3071 beitioam
1211 3023 1316 3086 giarium
1339 3037 1383 3072 au·

295 3092 368 3157 quari
379 3091 411 3142 ad
424 3092 552 3157 fulgorem
565 3097 625 3144 roiir
642 3095 740 3144 ruitum
752 3109 817 3142 rum·
859 3095 946 3158 gandi,
973 3102 1003 3145 ut
1030 3096 1187 3160 quorundam
1217 3098 1383 3148 barbarorum

294 3169 430 3220 mitteret?
445 3172 549 3221 Sueten.
566 3187 625 3236 cap·
642 3176 684 3221 79.
711 3173 764 3221 Pro
781 3171 819 3221 ia·
860 3173 990 3235 principer
1005 3172 1030 3220 in
1047 3172 1103 3221 tede
1122 3174 1214 3223 Martie
1232 3175 1329 3224 Uitorir
1339 3176 1387 3240 ju·

293 3246 441 3296 tendentibus
468 3247 571 3312 quidam
595 3247 741 3298 eremitae
766 3262 819 3298 me·
860 3261 917 3296 rare
927 3248 1053 3311 coegerit,
1064 3263 1197 3300 manturna
1208 3266 1236 3300 aa
1247 3251 1273 3301 in
1290 3250 1341 3300 tide
1352 3264 1383 3301 ae

294 3321 353 3371 iiur.
860 3339 924 3389 paee
935 3339 1008 3386 quam
1023 3323 1159 3389 peterent!

327 3406 339 3433 ⁰
360 3400 457 3450 beet'ter
483 3399 590 3464 [imiter]
617 3399 757 3464 iroraatiar]
786 3401 818 3451 iu
890 3401 1266 3470 rsrutnmparnmrtum]
1280 3405 1384 3454 abaia-

295 3475 360 3525 Mae.
376 3477 460 3527 imiter
477 3478 618 3527 iracundae:
640 3480 709 3543 quod
726 3479 820 3542 probat
859 3476 909 3541 ror]
935 3478 970 3528 Et
985 3479 1033 3528 iroe
1049 3480 1150 3529 nomine
1165 3483 1232 3530 maie
1246 3482 1383 3532 audiebat:

294 3551 515 3603 virdoctiarimua.
540 3553 591 3602 Sed
606 3557 752 3617 egomaiim
763 3556 820 3605 troi·
860 3554 904 3603 aed
915 3555 981 3604 irune
997 3569 1124 3604 rumorem
1140 3558 1210 3607 nulio
1221 3558 1297 3609 modo
1307 3573 1386 3622 expe·

295 3635 353 3677 ter:
374 3629 502 3678 ‘ieviter'
525 3631 591 3679 euim
620 3632 749 3694 irascitur,
777 3634 820 3698 qui
861 3630 906 3686 vir.
918 3631 1029 3695 irruitque
1041 3631 1199 3697 aimpiiciter,
1211 3633 1384 3698 etpaiamob·

293 3706 346 3754 eito
367 3705 516 3770 piacabiiir;
534 3722 616 3772 neque
634 3720 720 3758 tamen
738 3710 819 3759 ‘iem-
860 3709 1105 3767 iectemeotioeoaa‚
1117 3712 1195 3761 etiam
1206 3726 1295 3762 renea.
1321 3711 1383 3760 Soe-

295 3779 364 3831 ter.'·
522 3812 525 3818 -
861 3788 1037 3846 ton.oap.ti.

327 3858 499 3910 'Demaeneti
578 3863 736 3927 enitimur]
754 3864 820 3914 Heu
895 3859 1037 3923 *vargum
1049 3860 1185 3926 fumoe11o
1206 3863 1299 3911 Veron.
1320 3859 1384 3910 edit.

293 3950 345 3987 nou
364 3946 479 4002 pugnant
499 3952 557 3987 oum
573 3940 758 4002 ariperioribur‚
777 3941 819 3989 ubi
861 3935 934 3987 ebert
951 3953 1001 3987 vox
1017 3942 1141 4001 euigurr'rr
1158 3953 1215 4004 que
1233 3947 1383 3988 tamennon

294 4015 440 4079 Augentum
450 4014 588 4064 ambitione
599 4031 706 4065 neruum
718 4017 819 4079 inuuit;
862 4022 960 4063 temere
972 4014 1120 4078 rejicienda.

294 4100 322 4140 et
338 4091 372 4141 de
388 4091 505 4154 Anguato
522 4093 594 4156 quari
608 4094 711 4154 privato
727 4094 820 4143 inteiii·
892 4096 902 4122 ¹
918 4089 988 4140 iuter
1002 4089 1132 4151 duodecim]
1150 4087 1231 4136 immo
1251 4086 1322 4137 iuter
1338 4103 1384 4140 rex

295 4164 379 4225 geuda
399 4176 468 4224 aunt,
485 4167 527 4230 qui
543 4168 578 4216 ric
590 4168 716 4230 regnandi
727 4170 819 4218 avidis-
860 4167 995 4216 catamitor
1006 4165 1163 4225 totidemque
1176 4162 1283 4224 poeiiar,
1300 4173 1329 4216 ut
1339 4183 1385 4231 op.

294 4241 372 4288 timna
384 4239 444 4294 fuit.
454 4244 573 4307 idemque
584 4245 690 4306 imperio
701 4255 775 4307 parto
786 4245 820 4296 ab
861 4242 923 4291 time
932 4237 1109 4303 corrigendum
1122 4239 1219 4289 monuit
1230 4240 1330 4293 Seirott.
1341 4245 1385 4295 iu·

294 4315 362 4365 amni
374 4314 516 4368 ambitione
534 4320 640 4368 aiieuur.
673 4319 707 4368 Bt
717 4318 767 4369 iure
779 4333 819 4368 re·
859 4316 892 4367 da
903 4330 976 4367 eoeua
987 4316 1030 4366 iiia
1042 4313 1263 4379 verget-tredan,
1275 4323 1385 4371 rocabe-
