3022 5026
409 361 457 410 nn
482 359 700 410 cnsrnreus
732 359 813 407 cir.
832 360 976 409 xxxiv.
1178 343 1244 411 319

148 509 260 575 omnia
276 526 487 592 perspexere,
503 506 601 571 eride
616 507 817 591 approbent,
832 507 1074 590 extolluntque,
1095 506 1180 572 virib
1195 509 1243 572 la-

146 613 267 678 borum
291 611 462 695 patientis,
488 610 643 693 sequique
670 627 710 672 ac
738 627 877 690 prorsus
902 608 1006 673 dediti
1032 610 1243 692 reipublicae:

147 715 181 780 2.
204 714 329 799 quippe
344 722 383 779 ut
400 713 499 794 longo
521 712 715 778 intervello‘
740 712 920 776 Deciorum
941 707 1088 774 moremd
1109 731 1244 776 renove-

147 819 257 884 rerit.·
299 819 331 881 3.
356 814 447 880 Nem
461 835 536 880 curn
557 815 678 899 pellere
698 814 832 881 Gothos
854 823 1002 898 cuperet,
1018 832 1102 896 quos
1120 813 1244 880 diutur·

147 920 237 985 uitus
253 919 350 983 nimis
365 918 509 997 validos,
519 937 560 983 uc
576 938 684 1002 prope
694 917 825 983 incolas
841 916 1006 993 effecerat,
1019 914 1186 1000 proditum
1202 937 1247 981 ex

147 1021 243 1086 libris
269 1020 445 1104 Sibyllinis
466 1025 530 1099 est,
546 1019 689 1104 primum
710 1020 836 1085 ordinis
854 1014 1076 1103 amplissimi¹
1096 1019 1245 1083 victorine

148 1122 349 1189 vovendum.
393 1123 427 1189 4.
449 1122 602 1220 Qumque
625 1123 681 1202 ἰο,ι
702 1125 851 1206 quiesse
869 1123 1055 1201 videbatur,
1071 1121 1248 1187 semetob·

149 1225 295 1308 tulisset,
318 1227 384 1291 sibi
407 1228 523 1312 potius
546 1227 581 1292 id
605 1228 750 1291 muneris
774 1234 966 1311 competere
992 1221 1164 1301 ostendit,¹¹
1189 1225 1249 1308 qui

148 1348 264 1393 revera
280 1334 425 1407 senatus,
440 1337 541 1415 atque
560 1329 705 1393 omnium
722 1329 879 1414 princeps
902 1335 985 1394 erut.
1029 1329 1062 1394 5.
1085 1327 1140 1391 ltu
1155 1326 1248 1391 nullo

150 1431 318 1496 exercitus
344 1432 539 1497 detrimento
563 1432 631 1497 iusi
650 1431 782 1496 barbari
805 1431 1042 1514 summotique,
1065 1438 1249 1514 postquem

151 1533 340 1619 Imperator
365 1535 469 1600 vitem
495 1534 692 1619 reipublicae
717 1534 807 1599 dono
833 1532 934 1598 dedit.
971 1530 1010 1599 ’6.
1032 1531 1132 1597 Adeo
1153 1532 1249 1606 bonis

152 1636 245 1701 salus
259 1635 385 1700 civium
401 1655 442 1700 ac
455 1636 556 1719 louge
570 1637 624 1700 sni
643 1636 803 1700 memorie
823 1635 952 1700 curiora
973 1642 1069 1715 sunt;
1092 1655 1168 1718 quae
1183 1654 1250 1699 non

152 1738 269 1819 gloriae
285 1738 399 1815 modo,
415 1758 525 1802 verum
542 1741 644 1804 etiam
655 1742 785 1805 ratione
796 1738 942 1824 quadem
955 1745 1163 1823 posterorum
1179 1736 1250 1802 seli·

153 1842 248 1905 citeti
271 1840 459 1925 proficiunt.
502 1845 535 1907 7.
564 1841 643 1907 Hoc
671 1842 837 1928 siquidem
861 1841 1078 1907 Constantius
1104 1846 1137 1905 et
1159 1840 1251 1908 Cou-

153 1945 330 2024 stentinus,
358 1952 460 2028 etque
481 1943 708 2030 Imperatores
727 1947 831 2013 nostri
845 1944 925 1986 Μ
941 1940 1172 2031 corporisquei
1195 1963 1251 2010 ec·

612 2093 792 2116 ”eunoun

153 2179 181 2222 st
193 2187 249 2222 mox
262 2173 388 2236 potientis,
399 2175 541 2260 perorandi
553 2190 626 2238 csru,
637 2177 754 2242 quumvis
766 2174 902 2227 accusandi
915 2177 1027 2242 scriptur
1039 2174 1115 2232 iiber,
1126 2175 1252 2240 pertinet·

154 2252 204 2303 qne
216 2239 248 2286 ed
258 2237 288 2286 τὸ
300 2240 406 2289 Claudii.
432 2242 583 2290 uehere-n
600 2243 755 2306 Prospicicst
767 2257 814 2305 pro
823 2242 949 2308 proficient
972 2243 997 2292 iu
1016 2240 1067 2291 fine
1078 2243 1148 2305 conj.
1160 2241 1251 2290 Arois.

156 2308 206 2353 -7
223 2304 331 2354 ‘Nostri
348 2308 362 2335 ⁸
380 2304 394 2334 ¹
411 2305 426 2334 ·
443 2307 600 2371 corporisque.
633 2307 783 2357 Asteriscor
805 2310 891 2371 possi3
908 2309 978 2357 iocus
1000 2307 1066 2357 enim
1089 2307 1251 2371 deplentur,

154 2383 230 2435 qoem
247 2370 302 2419 rinc
324 2370 428 2420 siterirrs
440 2373 491 2422 Μι.
506 2387 556 2436 ope
568 2373 593 2422 in
604 2371 732 2439 integrum
743 2373 846 2424 restitui
856 2387 932 2437 posse
943 2373 1064 2437 despero.
1096 2370 1139 2422 Ab
1149 2373 1253 2436 ingenio

155 2435 274 2484 iscunrm
286 2436 393 2498 expiere
404 2437 490 2486 nolui:
509 2437 654 2500 periculose
667 2439 734 2489 enim
746 2437 882 2489 divinatio.
916 2439 1016 2488 Desunt
1027 2444 1197 2488 retroversus
1208 2439 1253 2486 sii·

155 2509 218 2566 quot
230 2500 264 2551 de
274 2501 350 2550 initio
362 2502 465 2563 imperii
478 2502 622 2564 riureiirni,
634 2514 660 2553 ct
673 2503 743 2554 sorte
761 2505 839 2556 etism
851 2509 884 2556 dc
900 2504 1043 2556 Quinctilio
1055 2503 1156 2554 Claudii
1172 2502 1254 2554 tratre

159 2567 250 2630 prucis
262 2580 277 2614 s
289 2580 369 2630 regno
379 2567 471 2617 diebus
483 2567 642 2618 interemto!
659 2568 753 2619 Scisti

653 2698 759 2748 NOTAE

188 2799 201 2826 ⁸
228 2790 337 2856 clandii]
363 2790 397 2841 Α.
419 2792 454 2842 U.
477 2797 550 2843 1⁰20.
570 2801 631 2860 post
653 2794 683 2844 C.
724 2791 1256 2856 inmitiumvirtutibnrsuirprtiitcoeium·'

157 2874 217 2920 268.
727 2873 760 2921 Et
773 2872 872 2920 Zosim.
889 2869 1007 2934 ἁψαμένου
1027 2867 1052 2918 δὲ
1068 2869 1112 2917 τοῦ
1124 2868 1207 2927 λοιμοῦ
1216 2867 1256 2917 sui

189 2947 201 2981 b
221 2945 287 3010 Viri]
311 2942 392 2996 Refer
414 2945 446 2995 ud
462 2947 600 3012 ‘clandit'
618 2946 685 3012 quod
726 2943 1255 3009 Ῥωμοίυν,ὰιᾶθονονμὶνπολλοὶτοῦοτρο·

158 3025 239 3088 priori
255 3037 331 3074 versu
343 3025 447 3087 tegitur.
727 3021 853 3084 πόματος,
869 3024 976 3087 renovri
986 3020 1011 3071 tt
1026 3019 1066 3070 sni
1084 3018 1209 3069 meditor·
1227 3020 1254 3069 id

191 3109 202 3136 θ
229 3101 310 3162 Longo
337 3098 475 3163 intercedo]
511 3098 586 3151 ΑΡ.
607 3099 688 3152 Decio
728 3109 842 3157 crucris
852 3101 979 3162 wcspsd
992 3099 1111 3146 Romanos
1127 3097 1200 3159 pestis
1209 3110 1255 3166 sc·-

158 3179 236 3228 Mure
257 3179 299 3242 qui
323 3192 350 3227 re
373 3177 441 3227 briio
457 3178 551 3227 Lstino
573 3178 688 3239 devovit,
727 3178 798 3233 ciret,
818 3191 872 3225 curs
890 3176 934 3224 eiii
955 3176 1083 3238 compium
1103 3174 1129 3222 is
1150 3174 1257 3222 exercitu

158 3270 240 3320 usquc
257 3255 288 3304 sd
301 3254 402 3306 Cirudii
415 3262 545 3320 tempora,
555 3255 615 3305 suni
626 3263 687 3306 suut
726 3254 816 3305 stertui
825 3259 891 3310 sust,
901 3259 951 3304 tssr
962 3253 1036 3304 diors
1047 3252 1165 3302 Glnsdiss
1175 3251 1255 3302 cince-

158 3332 262 3382 circiter
275 3344 320 3381 nc.
726 3333 753 3382 di
756 3330 912 3397 floccifecit.

191 3407 348 3457 dDecr'crmrr
364 3405 464 3471 meren]
481 3407 515 3457 8ο
536 3421 583 3470 pro
602 3406 687 3471 pstris
761 3405 772 3440 ¹
785 3407 886 3456 Ordinis
901 3403 1054 3470 amplissimi]
1070 3403 1101 3454 id
1120 3411 1171 3467 est,
1182 3417 1255 3454 rens·

160 3484 322 3546 devovendi;
339 3486 382 3551 qui
395 3500 449 3535 mor
467 3484 557 3534 Deciis
574 3486 688 3536 soiennis
729 3491 790 3534 tusc
806 3484 861 3548 jum
872 3484 943 3532 siibi.

160 3561 219 3611 fruit.
759 3563 895 3624 remque
914 3559 948 3624 is]
972 3557 1131 3621 Pomponius
1154 3557 1258 3605 Bessus.

191 3646 203 3672 ⁸
220 3637 313 3701 Quippe
325 3641 353 3687 st
369 3638 440 3698 iosgc
458 3636 584 3687 istcrcciic
601 3638 688 3688 Decio-
728 3637 796 3689 Vide
817 3643 843 3689 in
862 3638 974 3700 Epirum.
992 3633 1154 3696 ‘Pomponio
1178 3634 1257 3682 iissre

160 3727 215 3762 rsrs
231 3727 318 3761 necess
344 3712 504 3776 monosemi]
523 3713 627 3762 Falsum
649 3720 690 3763 ert
731 3708 1107 3780 quitoncerstreofferente!

161 3789 298 3840 Cisudirrm
313 3803 342 3838 se
354 3802 401 3852 pro
412 3789 497 3839 rupte
509 3789 600 3853 putris
612 3789 690 3841 dero·
763 3789 775 3825 δ
793 3790 917 3853 Ostendit]
931 3787 1063 3840 Cisodiur.

162 3868 257 3928 vendo,
269 3867 408 3918 Deciorum
416 3869 690 3932 moremrenorsrirss,
763 3866 771 3902 ¹
787 3868 842 3917 Hoc
854 3867 969 3931 sipsidssr
982 3862 1138 3914 coenantium
1154 3869 1177 3910 et
1195 3863 1258 3910 ecs·

161 3952 191 3994 nt
209 3944 322 4007 produnt
338 3943 428 4004 mniti3
459 3959 518 3993 nrm
541 3945 691 4008 pestilentis
730 3946 852 3996 antinus
864 3950 935 4007 atquc
949 3943 1110 4004 ruspensem
1121 3938 1259 3988 socen·

162 4031 279 4072 mortum
295 4020 426 4071 chudion.
459 4021 563 4072 Pollio:
588 4023 691 4073 ‘Finito
730 4023 887 4085 corporisque,
908 4018 964 4083 isc]
979 4019 1064 4068 lacos
1085 4017 1259 4079 deploratum

162 4095 231 4146 brilo
253 4097 374 4158 Gothico,
403 4097 567 4159 pravissimus
586 4097 692 4149 morbos
732 4113 791 4149 nrm
815 4099 894 4148 mults
912 4098 1016 4147 desunt.
1061 4097 1092 4146 iu
1116 4097 1146 4145 iis
1168 4102 1259 4157 egeret

162 4172 305 4235 increbuit,
323 4184 385 4225 tunc
403 4189 461 4225 cum
478 4175 557 4225 etism
568 4175 691 4225 Cisudins
733 4175 825 4226 Victor
838 4175 871 4223 de
887 4174 963 4223 initio
983 4172 1090 4236 Imperii
1108 4172 1258 4222 Aureiisnir

163 4245 273 4301 effectus
294 4251 383 4303 morito
401 4252 525 4303 mortsics
539 4251 654 4317 reliquit,
664 4260 692 4302 st
733 4250 759 4301 id
769 4251 837 4317 quod
854 4249 931 4303 isciic
941 4250 1063 4315 prebebis
1078 4265 1111 4300 er
1129 4251 1205 4301 initio
1218 4264 1258 4302 sc·
