3022 5026
293 394 360 462 890
588 404 704 456 suxrr
729 404 889 456 noasnrr
916 402 1090 454 vicaonis

295 555 360 619 lem
375 551 498 619 Galliae
524 549 699 629 coloniam,
724 550 884 634 suscepit,
913 549 1041 614 babens
1066 547 1275 632 diligentiam
1297 548 1335 615 in
1355 566 1396 617 re

294 655 441 731 militari,
457 653 491 717 in
511 652 671 717 civilibus
691 652 876 729 lenitatem,
891 651 926 716 in
950 652 1171 717 sublevandis
1189 653 1396 718 civitatibus

295 758 517 840 largitionem.
560 757 592 819 4.
616 754 765 838 Cumque
777 754 843 819 duo
859 753 938 830 sint,
954 772 1031 838 qnae
1047 755 1090 818 ab
1112 754 1252 837 egregiis
1269 755 1395 837 princi-

296 860 395 945 pibus
409 864 638 943 expectentur,
653 859 817 922 sanctitas
832 857 933 932 dorni,
951 857 984 920 in
1001 856 1101 921 armis
1115 856 1289 934 fortitudo,
1299 864 1398 924 utro·

294 963 398 1047 bique
412 961 608 1046 prudentia:
631 967 743 1025 tantos
765 959 939 1025 eratineo
962 960 1183 1025 maximarum
1196 978 1304 1024 rerum
1320 979 1398 1025 mo·

295 1065 371 1140 dus,
388 1071 426 1130 ut
440 1063 540 1148 quasi
563 1067 817 1146 temperamento
840 1062 988 1147 quodum
1014 1063 1192 1128 miscuisse
1213 1061 1397 1134 videretur,

295 1168 361 1232 nisi
378 1166 467 1250 quod
484 1167 561 1231 cibo
577 1167 742 1250 vinoque⁸
757 1165 931 1248 paululum
950 1164 1084 1230 deditos
1107 1170 1190 1230 erat.
1232 1167 1265 1228 5.
1289 1163 1397 1229 Libe·

296 1269 377 1334 ralis
392 1268 426 1332 in
441 1263 593 1345 amicae,‘
605 1274 639 1331 et
661 1274 821 1351 tanquam
836 1267 914 1332 vitae
929 1266 1120 1332 conditione
1135 1284 1205 1351 par,
1224 1266 1396 1331 societati·

295 1371 361 1435 bns
375 1369 525 1453 perfrui.⁸
545 1370 578 1435 6.
595 1369 664 1433 Hic
680 1370 724 1433 ob
735 1367 889 1432 honorem
900 1367 1008 1445 Surae,
1024 1367 1119 1453 cujus
1130 1367 1241 1433 studio
1252 1366 1397 1451 imperi-

295 1492 354 1538 um
365 1472 560 1556 arripuerat,
570 1468 723 1536 lavacra*
740 1471 900 1536 condidit.
914 1473 947 1536 7.
962 1471 1010 1535 De
1021 1491 1091 1555 qno
1099 1488 1395 1555 supervacaneum

295 1574 429 1640 videtur
444 1583 565 1639 cuncta
577 1574 662 1639 velle
676 1574 871 1638 nominatim
896 1593 1058 1658 promere,
1082 1592 1156 1638 curn
1171 1573 1255 1637 sutis
1270 1573 1317 1636 eit
1331 1591 1396 1636 ex·

296 1677 422 1743 cultum
449 1683 550 1762 atque
573 1677 780 1742 emendatum
809 1677 948 1742 dixisse.
990 1675 1024 1740 8.
1044 1675 1128 1748 Fuit
1149 1677 1234 1740 enirn
1258 1674 1395 1758 patiens

295 1777 434 1858 laboris,
462 1780 634 1844 studiosus
664 1779 784 1863 optimi
811 1779 985 1864 cujusque,
1011 1799 1053 1844 ac
1078 1779 1252 1847 bellicosi:
1283 1777 1395 1860 magis

296 1882 503 1966 simpliciora
517 1882 651 1965 ingenia
665 1888 722 1947 aut
743 1881 1000 1962 eruditissimos,
1016 1883 1172 1967 quamvis
1187 1881 1261 1965 ipse
1275 1897 1394 1964 parcae

295 1991 385 2050 esset
408 1985 571 2061 scientiae,
590 1984 832 2068 moderateque
855 1984 1025 2068 eloquens,
1044 1984 1212 2068 diligebat.
1255 1983 1287 2047 9.
1308 1981 1333 2046 J
1337 2001 1392 2046 us-

296 2087 381 2155 titiae
395 2105 486 2163 vero,
509 2104 549 2151 uc
574 2085 660 2170 juris
684 2085 819 2150 humani
842 2084 1012 2170 divinique
1034 2092 1102 2150 tarn
1129 2091 1276 2168 repertor
1299 2086 1393 2164 novi,

297 2208 399 2274 quarn
414 2190 592 2254 inveterati
608 2197 734 2254 custos.
778 2188 832 2253 10.
855 2187 943 2268 Quae
959 2188 1073 2253 omnia
1094 2207 1134 2252 eo
1156 2189 1285 2273 maJ'ora
1300 2189 1392 2253 viee·

294 2291 424 2365 buntur,
442 2309 510 2372 quo
531 2309 591 2373 per
610 2290 734 2354 multos
750 2296 852 2374 atque
867 2296 999 2355 atroces
1022 2296 1179 2373 tyrannos
1194 2289 1324 2372 perdito
1339 2298 1392 2357 at·

298 2411 364 2476 qne
379 2397 550 2475 prostrato
572 2400 664 2456 statu
681 2392 851 2472 Romano,
866 2392 900 2457 in
913 2387 1109 2457 remedinm¹
1132 2397 1299 2454 tantorum
1315 2411 1393 2456 rna-

295 2492 403 2560 lorum
418 2493 578 2559 divinitus
593 2493 787 2560 credebatur
806 2504 992 2582 opportune
1014 2493 1135 2575 datus;
1159 2513 1263 2578 nsque
1277 2512 1330 2570 eo,
1353 2504 1394 2560 ut

752 2639 936 2662 mm„

296 2723 349 2774 rial
363 2725 438 2775 Leid.
448 2730 616 2789 uterque-d
628 2726 687 2776 Nisi
698 2727 752 2790 qaia
763 2727 815 2776 elbo
827 2726 888 2776 nid.
908 2728 1011 2779 Sebott.
1023 2726 1119 2778 Gassb.
1135 2725 1232 2789 Delplr.
1251 2724 1343 2775 Piliae.
1361 2733 1390 2775 et

297 2797 367 2839 teste
380 2789 473 2841 Arata.
484 2805 573 2841 omues
585 2791 642 2841 aliae
654 2791 715 2840 edd.
726 2801 817 2842 contra
829 2791 945 2842 Mau-d
961 2792 1049 2843 Studio
1063 2792 1129 2854 endas
1139 2799 1167 2841 et
1177 2805 1235 2841 mcx
1252 2790 1390 2853 obriguerat

295 2854 405 2908 dida-l
416 2860 423 2885 ⁸
434 2857 549 2907 Prome
560 2872 618 2908 errrn
630 2858 738 2908 Sclrcttc
750 2857 851 2919 recepit
863 2866 891 2908 et
906 2859 1047 2908 illustrarit
1058 2858 1172 2909 Graues.
1199 2857 1390 2923 vulgoprodere,

296 2920 365 2986 pared
379 2931 487 2984 propter
504 2922 618 2970 additum
632 2923 781 2971 adverbium
799 2920 939 2973 suniemirus
959 2923 1074 2987 praetulit
1094 2922 1215 2972 drntzen.
1235 2936 1282 2970 nec
1301 2927 1390 2969 tamen

297 2987 408 3036 alterurn
427 2986 552 3036 damnat!
571 2988 645 3038 Harl.
682 2988 791 3037 Prodere
807 2987 908 3038 seneen
925 2988 1021 3039 Gaeeb.
1040 2989 1136 3051 Delpb.
1151 2987 1245 3037 Pitisc.
1264 2985 1390 3035 Arata.-

298 3054 315 3099 8
331 3051 417 3101 «Ede.
428 3052 470 3115 [nt
482 3051 552 3115 did]
575 3053 696 3117 mogisqae
705 3051 851 3115 simpliciora
867 3052 1015 3115 babebsnt;
1032 3054 1076 3102 sed
1097 3053 1251 3116 particnlsm
1262 3051 1392 3115 adjectam

300 3119 374 3167 uncia
385 3117 526 3166 incluserat
541 3117 664 3167 senories
681 3118 751 3180 [cnm
764 3117 863 3168 Gaesb.
882 3120 977 3183 llelpb.
991 3118 1094 3181 Piliae]
1111 3129 1139 3169 et
1157 3132 1203 3168 nos
1221 3131 1255 3167 ex
1271 3115 1388 3166 omnibns

300 3181 366 3230 Mae.
386 3180 545 3231 delevimus!
561 3182 712 3233 Arata-1⁰
730 3183 783 3239 Quo
799 3198 832 3232 ex
850 3184 927 3233 Leia.
945 3192 1054 3250 utroque
1073 3185 1190 3248 reposuit
1207 3181 1319 3233 Gruner.
1344 3197 1390 3247 gan

295 3244 385 3311 [aba]
396 3247 494 3298 Scbcrt
504 3247 601 3298 Gsesb.
612 3247 707 3312 Delpb.
718 3246 811 3299 Pleias.
837 3249 948 3312 moriare
958 3250 1020 3299 Ald.
1032 3249 1124 3300 Arata.
1157 3248 1222 3299 ldcx
1239 3249 1326 3298 electas
1342 3261 1389 3310 pro

790 3360 898 3413 ΝΟΜ

326 3467 339 3494 ⁸
359 3458 476 3524 Vinaque]
493 3458 617 3524 Supreiu
630 3459 785 3511 Cesaribus.
864 3475 943 3512 eausa
965 3458 1144 3526 frequentans,
1160 3459 1202 3509 rel
1219 3464 1388 3521 egrotantes,

333 3535 343 3570 ¹
353 3537 474 3587 Liberalis
484 3537 510 3586 is
521 3537 621 3601 anuos]
638 3538 768 3602 Eutrep.‘
782 3538 823 3589 Li·
863 3538 905 3588 rel
917 3552 974 3588 curu
987 3537 1067 3589 festos
1078 3536 1134 3587 dier
1144 3536 1293 3587 habuissent
1303 3552 1312 3597 3
1328 3549 1390 3585 con·

295 3611 389 3664 besalis
410 3613 437 3663 iu
458 3621 582 3663 cunctos:
613 3614 716 3677 publice
738 3615 823 3678 priva·
865 3613 933 3664 viria
947 3627 1005 3663 cum
1018 3613 1107 3663 iisdem
1119 3613 1262 3664 indisereta
1278 3613 1390 3662 vicissim

296 3689 394 3752 umque
414 3686 499 3737 ditans
521 3701 619 3744 omues,
640 3696 667 3737 et
686 3689 824 3739 honoribus
863 3690 976 3741 hebens:
993 3705 1063 3755 saepe
1074 3691 1100 3741 ln
1111 3690 1235 3741 rebiculia
1249 3704 1336 3741 eornm
1348 3702 1388 3737 se·

295 3778 394 3826 angens
410 3777 475 3828 quos
492 3763 532 3813 rel
552 3761 677 3814 mediocri
691 3763 824 3816 familiari·
863 3767 949 3818 dens.'

295 3848 350 3892 tate
362 3842 544 3903 cognovisset:
895 3841 907 3876 ¹¹
924 3842 1042 3908 heum]
1058 3844 1091 3894 In
1108 3843 1260 3894 Cesaribus.

327 3917 513 3968 sSeeiatatibsa
522 3916 627 3980 perfrui]
645 3917 677 3968 Id
689 3918 824 3982 est,‘per·
893 3917 901 3954 ¹
918 3920 949 3970 In
967 3921 1107 3986 remediare]
1124 3916 1388 3980 ‘Narusnb'l'rajsno

295 3993 447 4045 irnebstur·'
480 3994 522 4043 Sic
543 4008 592 4043 non
612 3995 692 4045 semel
705 3994 823 4045 iudefiui·
863 3996 991 4061 principe,
1002 4005 1090 4048 moret
1107 3998 1225 4049 lacertos,
1244 3999 1270 4040 et
1291 4000 1390 4056 prater

296 4079 337 4120 tus
358 4084 405 4134 pro
427 4068 589 4133 imperfectis
612 4073 736 4134 reperias.
780 4073 822 4122 De
862 4076 1066 4138 memorantem,
1076 4076 1198 4122 senectus
1208 4069 1318 4130 imperii,
1327 4085 1389 4135 qna·

294 4144 343 4196 bac
360 4145 467 4209 Trajmi
482 4145 609 4197 civilitate
626 4146 736 4212 Eutrcp.
752 4147 823 4199 ⁴Re·
862 4149 883 4199 ai
893 4144 1312 4216 redditajurenrnte,revirescit?
1329 4149 1389 4200 Flo·

295 4233 356 4277 me.
369 4229 396 4270 et
418 4237 464 4284 per
483 4222 627 4284 provinciae
649 4226 775 4289 equalem
793 4240 821 4275 se
862 4240 912 4277 rus.

294 4294 413 4350 carnibus
425 4296 548 4346 exbibens
556 4312 565 4357 5
582 4299 678 4356 amieos
692 4301 822 4353 salutandi

1292 4392 1388 4450 cml
