3022 5026
248 328 292 395 60
462 383 464 387 ,
543 342 659 393 snxrr
684 341 846 391 eunucu
872 339 1048 392 vrcrours

249 500 352 576 atque
365 491 471 567 illurn,
494 488 552 554 ubi
574 489 633 554 illa
651 489 835 572 procubuit
854 488 1021 571 enixeque
1039 488 1266 571 estpcrcu10s
1286 491 1344 555 tri·

249 597 352 678 ginta,
367 594 493 658 ibidem
509 592 731 675 auspicatum,
748 587 948 676 postquamf
961 590 1138 656 Lauinium
1153 590 1240 657 dixit
1250 605 1282 658 ι·
1304 597 1342 657 ut

249 697 366 764 scribit
381 694 496 760 Geesar
510 693 569 759 lib.
584 708 611 758 1.
625 702 658 758 et
673 693 834 759 Lutatius
847 694 906 759 lib.
923 710 965 758 ιι.

255 858 259 865 ’
282 848 294 880 ⁶
312 846 412 896 Persem
422 845 494 893 etism
503 844 682 908 parturientem,
692 859 761 908 quem
770 859 822 893 cusis
832 858 846 893 e
855 845 912 894 suri
921 845 1057 895 eduxissent
1067 851 1096 895 ut
1106 860 1157 895 enar
1169 850 1308 909 muctmerrt,
1317 853 1341 896 et

248 926 277 962 es
291 925 317 960 se
331 912 493 961 ministrarum
508 910 616 961 muribus
628 910 793 967 subtraxisset,
805 911 937 960 insecutura
951 924 1001 959 esse
1012 912 1113 959 AEuesrs
1130 916 1270 974 repetentem
1280 915 1342 975 quod

249 977 286 1026 illi
296 979 430 1040 quandoque
437 990 569 1039 responsum
579 980 647 1033 esset,
659 976 831 1038 quadrupedem
841 976 921 1023 ducem
922 975 979 1034 scre
987 976 1040 1023 urbi
1049 977 1174 1024 coadesdoe
1184 994 1193 1034 ,-
1210 983 1259 1025 tum
1270 978 1342 1026 etiam

248 1042 362 1091 medum
379 1040 513 1089 simulacris
531 1041 635 1088 Deorum
649 1039 786 1096 Perrutissr,
795 1045 865 1103 utque
876 1055 937 1102 eum,
948 1040 989 1088 ubi
998 1041 1041 1088 ills
1048 1041 1137 1101 jacuit,
1145 1043 1279 1106 peperitque
1288 1057 1342 1106 por·

249 1108 312 1157 eules
322 1107 435 1169 triginta,
444 1106 530 1155 ibidem
540 1104 653 1172 incepisse
662 1104 749 1163 urbem,
760 1111 856 1169 postque
867 1120 918 1158 euru
928 1104 1055 1158 [asinium
1065 1106 1165 1154 necarit.

704 1230 885 1254 omeemooo

248 1315 257 1346 ‘
269 1317 342 1367 Bene
351 1313 418 1365 sidit
430 1310 505 1364 Anna
520 1313 576 1364 bec
586 1327 639 1362 una
654 1314 793 1371 coherere,
809 1328 895 1379 neque
906 1319 993 1364 tumen
1004 1312 1140 1378 quidquem
1152 1313 1243 1364 deesse
1254 1316 1344 1367 existi·

248 1394 325 1438 mem,
337 1380 413 1430 mcdc
424 1380 475 1428 leui
491 1379 668 1430 immutatione
686 1381 722 1431 itu
739 1383 824 1444 ieqsr:
840 1383 930 1440 ducem,
941 1395 992 1430 curs
1003 1380 1136 1428 mmulucrr's
1147 1379 1250 1429 Deorum
1263 1382 1344 1432 Perm-

248 1448 309 1499 tiuss
323 1450 487 1510 prsmstm
504 1452 533 1495 nr
550 1459 640 1495 sensus
656 1445 700 1506 sit,
717 1447 843 1496 ‘AEnssm
863 1453 1027 1510 prosecutum
1046 1458 1103 1493 essa
1122 1459 1181 1495 cam
1199 1446 1344 1496 simulacris

248 1509 393 1562 scrotumx'
411 1513 495 1560 snus.
528 1510 636 1560 ‘Totum
648 1519 728 1574 ceput
740 1512 766 1561 in
778 1511 849 1561 libris
860 1511 963 1574 scriptis
975 1511 1038 1560 mire
1053 1508 1221 1572 deprsrstum
1234 1520 1260 1561 et
1271 1513 1341 1562 uarie

249 1591 265 1625 s
278 1579 339 1626 uiris
350 1575 433 1625 doctis
445 1573 618 1630 emendatum,
629 1576 762 1626 Grunerm
774 1578 811 1626 sie
823 1575 1030 1627 constituendum
1039 1576 1184 1638 ruspiestus
1197 1586 1254 1626 est:
1283 1576 1343 1626 Tum

248 1642 354 1693 Asellisu
365 1673 468 1690 ......
479 1640 556 1705 struem
570 1642 669 1705 (quippe
679 1643 817 1692 meminerat
829 1673 930 1692 ......
943 1641 1046 1700 sstulerrr
1060 1642 1134 1689 lecum
1146 1640 1224 1701 jore.)
1239 1639 1342 1698 mejam

248 1708 322 1758 elisur
334 1708 468 1764 imiestem,
479 1721 548 1769 quum
558 1713 609 1756 tum
619 1722 631 1756 e
642 1709 697 1756 rrum
706 1708 883 1770 preducisserrt,
893 1713 920 1757 ut
936 1721 988 1756 esss
1005 1707 1160 1762 immolarent,
1171 1712 1195 1755 et
1205 1721 1230 1755 se
1237 1707 1344 1756 munibus

248 1775 408 1822 saisistrsrurrr
419 1771 542 1834 eripuisse,
553 1777 577 1821 et
590 1775 738 1821 reecrdstsss
753 1774 863 1836 Eunus,
876 1806 884 1823 .
895 1803 903 1820 .
913 1771 1035 1830 .sutumrrr
1044 1773 1134 1830 ducem,
1145 1785 1197 1820 cusr
1211 1772 1343 1820 mmuheris

248 1840 344 1888 lmus
355 1837 482 1886 Penatium
489 1843 661 1900 prosequutus,
670 1843 740 1900 etque
749 1838 838 1896 urbem,
849 1838 890 1886 ubi
904 1837 947 1886 ille
956 1837 1079 1898 procubuit
1091 1837 1206 1900 enixeque
1216 1843 1251 1886 est
1260 1852 1342 1900 percu·

249 1903 402 1963 bstrigirte,
413 1901 499 1949 ibidem
508 1902 654 1964 suspicatum
663 1908 724 1965 psst,
736 1917 805 1965 quem
816 1901 945 1951 lacinium
956 1901 1038 1952 emir!
1050 1900 1124 1952 Hsri.
1158 1903 1259 1965 Postque
1270 1901 1341 1951 laei-

248 1968 314 2018 sium
325 1968 391 2030 conj.
407 1967 432 2015 in
445 1967 558 2030 margine
567 1967 667 2017 Sebctt.
701 1967 765 2020 Mox
776 1967 890 2018 tuscum
900 1965 1001 2018 sebert.
1012 1966 1108 2016 Gsesb.
1120 1966 1211 2018 Pitisc.

740 2097 851 2149 NOTAE

250 2196 307 2243 esse
318 2207 407 2243 sensns
420 2198 600 2258 petest,qnsm
612 2208 688 2258 quem
700 2195 725 2246 in
737 2195 774 2246 in·
815 2193 968 2244 Restituunt
986 2193 1033 2243 riri
1049 2193 1133 2244 docti:
1155 2192 1246 2242 Ibidem
1262 2190 1342 2257 suspi-

250 2271 437 2333 tsrpretsticue
449 2270 587 2334 posuimus.
814 2277 893 2320 mlum
912 2271 1002 2333 urbem,
1027 2276 1125 2334 postque
1145 2284 1196 2318 ears
1215 2268 1341 2317 lacinium

281 2345 391 2397 ¹Ibidem
401 2347 557 2410 suspicatum,
565 2346 698 2412 postquem]
712 2349 775 2398 Cer·
814 2348 887 2397 dixit.

250 2434 354 2490 ruptum
364 2440 421 2487 esse
431 2423 499 2474 bunc
510 2424 594 2474 locum
605 2426 687 2491 quiris
696 2424 777 2475 sidet.

649 2623 954 2636 num

678 2806 784 2874 CAP.
813 2807 904 2876 XII.

250 2953 462 3009 Aaeunreururr.
495 2958 621 3011 Quanam
638 2958 736 3011 reterst
751 2961 885 3025 superbis
900 2962 1031 3024 portentis
1051 2962 1179 3014 Domitius
1195 2962 1341 3026 historicus,

634 3055 751 3107 qnoeuum
762 3042 838 3108 Cstc,
849 3043 981 3120 tradiqnm.

293 3171 324 3236 1.
335 3170 393 3236 Au
408 3190 486 3236 uero
500 3170 699 3252 Domitius,⁸
713 3194 779 3240 non
790 3176 888 3240 orbes
899 3176 1037 3255 terreos,
1051 3182 1088 3241 ut
1098 3194 1200 3259 snpra
1209 3173 1339 3241 dictum

250 3280 311 3351 est,
332 3274 391 3339 sed
405 3294 595 3340 mensarum
614 3276 689 3341 uice
704 3277 861 3343 sumendi
881 3277 950 3343 cibi
967 3278 1073 3361 gratia
1094 3277 1221 3361 apium,
1242 3279 1342 3363 cnjus

249 3375 400 3439 maxima
413 3382 484 3439 erat
499 3375 622 3441 ibidem
638 3378 750 3462 copia,
763 3377 868 3444 inisse
884 3380 1099 3458 substratum,
1114 3381 1203 3464 quod
1219 3382 1341 3465 ipsum,

250 3477 435 3542 consumtis
463 3479 540 3542 aliis
562 3478 695 3557 eduliis,
725 3499 785 3545 eos
810 3481 1006 3562 comedisse,
1035 3501 1075 3547 ae
1099 3489 1178 3566 post
1202 3483 1341 3548 subinde

249 3579 467 3658 intellexisse,
488 3579 565 3646 illas
580 3601 655 3646 esse
671 3602 816 3660 mensas,
837 3602 924 3667 quas
939 3583 1017 3648 illos
1033 3592 1241 3649 comesturos
1256 3604 1341 3668 prae·

248 3681 376 3748 dictum
391 3690 492 3747 esset.
535 3682 567 3746 2.
591 3681 676 3747 Cum
690 3683 819 3748 interim
834 3684 1007 3751 immolata
1029 3705 1091 3750 sue
1108 3687 1143 3750 iu
1163 3686 1274 3748 littore
1287 3704 1340 3748 se·

249 3783 410 3850 criticium
426 3791 609 3867 perageret,
628 3784 767 3851 traditur
780 3784 864 3851 sorte
879 3786 1064 3854 advertisse
1077 3787 1239 3870 Argiuam
1254 3787 1341 3852 clas·

745 3969 852 4024 NOTAE

282 4081 295 4116 ¹
322 4073 456 4139 Domitius]
489 4074 631 4126 Historiam
661 4076 776 4142 scripsit.
816 4076 929 4128 dubirsri
948 4085 1037 4143 potest
1054 4091 1086 4127 sn
1103 4075 1171 4127 idem
1189 4077 1223 4128 sit
1241 4078 1285 4144 qni
1299 4078 1342 4132 tic

250 4144 420 4199 Grammatici
441 4148 576 4214 cnjusdsm
595 4153 702 4203 Domitii
722 4167 777 4204 ms·
815 4152 945 4204 irudstur.

250 4222 325 4274 minit
336 4224 437 4273 Gellius
448 4225 492 4275 iib.
505 4240 585 4277 surrr.
597 4242 656 4294 csp.
666 4232 690 4279 7.
724 4229 776 4280 Sed
