3022 5026
365 742 575 854 nuum
603 766 801 852 nnnru
840 767 1036 874 murm

513 1030 890 1124 ansnmo.
942 976 948 989 ’

553 1301 855 1317 —ssu———rn

157 1521 418 1613 Urrnrssrnos
432 1543 564 1609 Aurelii
575 1541 708 1607 libellos
718 1540 817 1626 jussu
831 1541 1039 1607 invictissimi
1052 1539 1161 1623 Regis
1173 1539 1247 1623 jam

156 1647 282 1734 pridem
298 1666 378 1713 cura
396 1665 474 1710 mea
495 1644 611 1709 multis
629 1642 716 1708 locis
735 1651 770 1707 et
791 1643 982 1708 emendatos
1002 1651 1036 1709 et
1049 1642 1249 1728 explicatos,

156 1768 245 1815 nune
259 1749 410 1826 habebis,
424 1747 558 1811 Lector.
601 1743 652 1808 lis
667 1743 804 1828 quidem
820 1743 962 1811 antehac
976 1746 1039 1810 riri
1054 1745 1248 1820 doctissimi,

159 1851 334 1930 Schottus,
359 1851 535 1928 Gruterus,
556 1847 774 1927 Machameus,
800 1847 946 1914 Vinctus
964 1847 1093 1913 felicem
1115 1867 1250 1933 operam

49 2032 61 2047 ο
158 1959 341 2033 naverunt3
364 1952 423 2017 sed
438 1952 517 2017 dum
531 1951 636 2017 multa
650 1951 706 2016 vel
727 1951 910 2036 negligunt,
923 1951 980 2016 vel
1000 1951 1035 2014 in
1054 1950 1144 2016 aliud
1169 1955 1250 2016 tem·
1320 1982 1321 1985 ¹

157 2074 224 2142 pus
238 2060 420 2132 reservant,
436 2074 497 2119 eos
515 2055 564 2120 ita
585 2053 755 2119 elucidare
774 2073 841 2120 non
863 2061 1055 2139 potuerunt,
1069 2060 1109 2118 ut
1129 2054 1250 2120 alienae

157 2158 329 2224 industria·
346 2157 427 2223 nihil
443 2158 645 2243 reliquerint.
688 2156 799 2222 Multa
812 2159 927 2242 itaque
945 2159 1000 2223 vel
1015 2156 1186 2243 pastillos
1200 2159 1251 2223 in-

158 2261 236 2326 veni
251 2281 328 2345 quae
343 2280 410 2325 non
424 2280 544 2340 meam,
559 2259 618 2324 sed
641 2259 911 2325 doctissimorum
929 2259 1097 2326 hominum
1113 2260 1249 2344 diligen·

157 2364 241 2431 tiam
270 2363 511 2446 postulassent.
556 2360 670 2442 Quare
692 2362 762 2428 illis
791 2383 856 2446 ego
878 2364 1065 2430 tractandis
1091 2383 1167 2429 curn
1195 2381 1250 2431 me

159 2485 290 2550 parum,
311 2472 346 2530 et
368 2466 411 2530 ab
433 2464 578 2547 ingenio,
597 2473 632 2529 et
646 2485 668 2530 a
683 2464 835 2531 doctrina
858 2466 1053 2533 instructam
1077 2484 1251 2544 cernerem,

158 2567 242 2634 illud
268 2568 414 2633 studium
443 2575 478 2633 et
503 2588 579 2632 eum
603 2568 752 2634 laborem
777 2569 926 2648 adhibui,
950 2576 991 2635 nt
1015 2575 1089 2636 tuto
1115 2569 1252 2653 gloriari

158 2671 304 2756 possim,
330 2671 436 2736 hocce
459 2671 566 2736 totius
590 2670 738 2738 historias
762 2670 928 2738 Romanae
951 2672 1149 2758 compendio
1174 2690 1252 2738 vere

160 2792 262 2838 aureo
275 2792 448 2857 puerorum
461 2777 586 2838 teneras
601 2782 731 2839 mentes
751 2779 837 2840 recte
853 2773 924 2859 jam
938 2775 1044 2840 imbui
1059 2794 1182 2859 posse3
1203 2774 1253 2838 ni-

160 2876 209 2942 hil
225 2877 312 2941 enim
327 2877 406 2942 mihi
420 2878 674 2961 praetermisisse
692 2877 805 2945 videor
819 2877 908 2962 qnod
924 2876 967 2942 ad
981 2896 1088 2942 rerum
1102 2875 1253 2958 explica·

160 2981 286 3044 tionem
300 2979 436 3058 faceret,
451 2980 506 3046 vel
521 2980 565 3046 ad
579 2981 728 3047 locorum
743 2979 1021 3045 emendationem.

204 3081 259 3147 De
275 3088 347 3148 tota
361 3088 470 3147 autem
484 3081 549 3147 hac
563 3090 681 3148 nostra
695 3081 943 3148 commentandi
956 3082 1085 3146 ratione
1098 3079 1179 3146 nihil
1189 3085 1253 3158 est,

162 3184 253 3267 quod
276 3191 384 3249 tecum
408 3202 517 3266 agam,
538 3184 670 3249 Lector.
713 3183 780 3248 Per
805 3189 913 3248 totum
940 3185 1052 3248 orbem
1070 3183 1141 3268 jam
1163 3184 1254 3249 sama

160 3288 362 3370 percrebuit,
377 3285 618 3369 sapientissimi
641 3292 676 3348 et
694 3284 908 3350 invictissimi
922 3284 1025 3368 Regis
1039 3277 1254 3368 benignitate,

161 3390 442 3474 illustrissimique
458 3387 683 3454 Montauzerii
695 3388 802 3453 Ducis
818 3389 974 3467 consilio,
988 3389 1125 3456 latinos
1140 3409 1254 3456 omncs

160 3499 324 3569 auctores,
341 3496 373 3556 et
392 3492 428 3556 in
449 3512 546 3557 usum
570 3491 784 3558 serenissimi
807 3492 976 3578 Delphini,
1001 3498 1033 3558 et
1057 3495 1090 3558 in
1110 3493 1254 3561 Gallice)

156 3594 344 3679 juventutis
369 3594 509 3676 gratiam
537 3596 624 3661 notis
649 3601 684 3685 et
720 3595 1050 3682 interpretationibus
1076 3596 1254 3662 illustrari:

163 3697 318 3762 tamensi
334 3695 627 3780 pluradesideras,
644 3698 761 3764 eatibi
782 3700 925 3784 petenda
946 3706 1024 3765 snnt
1044 3719 1088 3765 ex
1109 3699 1153 3763 iis
1177 3717 1254 3783 quse

163 3799 265 3865 Floro
279 3806 392 3865 nostro
408 3800 643 3884 premisimus.

208 3898 309 3965 Nunc
324 3901 368 3966 de
383 3908 528 3985 quatuor
541 3899 665 3967 libellis
688 3903 747 3988 qui
770 3901 836 3969 hoc
855 3903 1019 3973 volumine
1034 3904 1254 3983 continentur,

163 4006 272 4068 wcum
287 4004 404 4086 paucis
419 4003 584 4086 agendum
599 4011 659 4070 est.

208 4104 231 4170 J
233 4126 287 4169 am
310 4106 390 4170 olim
412 4106 493 4172 viris
514 4105 720 4173 doctissimis
740 4126 936 4192 persuasum
951 4107 1014 4176 suit
1027 4109 1173 4177 libellum
1187 4115 1198 4150 ⁴
1212 4111 1255 4177 de

167 4206 303 4291 Origine
321 4205 441 4273 Gentis
464 4207 651 4289 Romanae,'
672 4229 739 4275 non
761 4229 839 4277 esse
858 4210 1004 4295 ejusdem
1030 4211 1178 4280 Victoris
1195 4211 1255 4297 qui
