3022 5026
264 342 309 410 14
406 352 675 409 rnusuurours
696 353 961 404 cnuusnrrun
986 338 1217 406 rrnrrcunr.

263 510 316 568 tro
340 499 485 566 Victore·
507 499 719 583 intelligenda
743 501 859 567 volunt
888 500 947 565 lib.
974 516 1063 565 xxr.
1086 519 1161 584 cap.
1186 498 1240 565 18.
1264 501 1358 566 ‘Iur-

263 600 414 689 perator’
435 603 517 680 (nou
538 601 769 679 Constantius,
789 605 840 667 uti
866 603 1007 686 exponit
1029 600 1178 666 Vossius
1200 602 1223 667 l.
1245 622 1275 668 c.
1299 602 1359 668 sed

260 705 434 786 Julianus)
458 705 660 771 ‘revertitur
688 704 863 784 Naessum,
889 706 1067 788 copiosum
1092 705 1267 789 oppidum,
1292 726 1360 790 quo
1394 717 1399 726 '

261 807 340 873 iude
358 806 513 891 expedite
528 813 650 874 cuncto
664 807 854 891 disponeret
869 806 941 870 suis
955 807 1159 872 utilitatibus
1174 808 1359 891 profutura.

263 909 334 975 Ubi
359 909 533 976 Victorem
561 908 655 994 apud
681 908 838 973 Sirmium
865 908 985 987 visum,
1009 909 1206 992 scriptorem
1229 909 1358 976 histori-

262 1030 350 1091 cum,
378 1011 567 1098 exindeque
593 1011 706 1076 venire
738 1017 958 1095 preceptum,
987 1010 1170 1077 Pannoniae
1203 1013 1359 1080 secundm

261 1114 474 1181 consularem
500 1113 663 1197 praefecit,
685 1119 718 1180 et
739 1112 916 1178 honorarit
935 1131 1027 1177 aenea
1048 1118 1159 1178 statua
1177 1115 1283 1180 virum
1305 1136 1359 1183 so·

261 1215 412 1286 brietatis
435 1218 542 1300 gratia
560 1214 806 1294 multilaudum,
819 1214 925 1279 multo
944 1221 1022 1298 post
1040 1213 1127 1280 Urbi
1141 1215 1360 1300 praefectum!

262 1317 375 1400 Quam
405 1319 545 1404 quidem
572 1316 773 1386 sententiam
804 1315 902 1382 valde
929 1316 1137 1398 probabilem
1162 1305 1359 1403 esse'puto.

260 1420 446 1507 Inscriptio
471 1426 582 1486 autem
604 1425 717 1498 vetus,
740 1436 841 1502 quam
865 1415 1128 1500 lindenbrogius
1148 1418 1171 1482 l.
1191 1439 1221 1484 c.
1240 1421 1360 1500 attulit,

261 1529 297 1589 et
311 1544 388 1609 quae
404 1522 495 1608 apud
509 1522 691 1588 Gruterum
708 1538 843 1606 quoque
856 1539 889 1603 p.
905 1534 1121 1584 cccxxxvi.
1136 1539 1168 1583 u.
1183 1520 1216 1584 5.
1230 1522 1359 1604 legitur,

261 1626 305 1695 sd
328 1626 416 1692 bunc
441 1624 612 1691 Victorem
633 1643 702 1688 nou
723 1622 833 1704 magis
853 1623 1015 1706 pertinere
1034 1621 1176 1699 videtur,
1191 1642 1295 1706 quam
1316 1625 1359 1690 ed

261 1736 433 1797 auctorem
456 1729 633 1814 Epitomes
654 1727 697 1793 de
720 1725 928 1800 Caesaribus,
944 1725 988 1789 ad
1010 1744 1108 1808 quem
1124 1722 1275 1791 Vossius
1289 1727 1313 1791 l.
1329 1748 1360 1792 c.

259 1849 296 1914 p.
310 1830 386 1896 221.
410 1838 560 1914 spectare
583 1829 779 1912 suspicatus
805 1836 867 1893 est.
919 1826 1145 1893 Christianum
1168 1829 1369 1896 consuisse·

259 1929 435 1998 Victorem
457 1940 617 2010 nostrum,
643 1929 784 1996 Schotto
808 1930 953 1995 libenter
978 1931 1153 1997 assentior.
1198 1930 1300 2013 Nam,
1322 1940 1361 1999 ut

260 2035 331 2101 ulia
351 2034 426 2119 jam
451 2035 616 2112 omittam,
637 2034 813 2120 profanum
839 2035 983 2098 animum
1007 2035 1161 2118 produnt,
1184 2055 1360 2122 quaecap.

260 2151 416 2205 xxxix.
436 2138 523 2222 §db
546 2138 702 2221 scripsit:
723 2135 945 2201 ‘Veterrimre
966 2137 1146 2220 religiones
1170 2140 1360 2205 castissime

260 2239 409 2307 curatae!
462 2239 530 2304 Sed
555 2238 721 2305 bominem
748 2238 946 2303 Christianis
970 2259 1035 2303 non
1063 2241 1163 2322 plane
1190 2241 1360 2307 inimicum

258 2341 377 2420 tuisse,
399 2361 444 2407 ex
470 2361 545 2426 cap.
575 2357 658 2406 xer.
677 2339 695 2425 ᾗ
714 2341 747 2407 5.
768 2340 908 2423 colligo:
933 2340 1091 2407 ‘Licinio
1114 2362 1157 2407 ne
1180 2343 1360 2409 insontium

261 2445 397 2530 quidem
417 2464 458 2509 ao
476 2442 641 2510 nobilium
662 2442 936 2528 pbilosophorum
951 2443 1067 2508 servili
1083 2463 1175 2509 more
1191 2447 1360 2511 cruciatus

260 2545 404 2614 adhibiti
421 2546 557 2611 modum
578 2544 686 2610 fecere
697 2544 716 2610 :²
739 2545 798 2609 ubi
812 2565 873 2630 per
888 2539 1035 2611 insontes
1051 2566 1092 2612 ac
1106 2549 1236 2613 nobiles
1251 2549 1359 2633 pbilo-

260 2649 387 2733 sopbos
413 2647 624 2713 Christianos
648 2646 809 2733 iutelligit.
864 2646 971 2729 Igitur
997 2649 1033 2713 in
1059 2670 1133 2716 eam
1159 2652 1360 2718 senteutiam

259 2749 419 2827 deducor,
436 2757 474 2816 ut
493 2749 662 2817 Victorem
681 2770 794 2816 eorum
810 2770 853 2816 ex
869 2770 1005 2816 numero
1019 2751 1126 2818 fuisse
1140 2754 1285 2834 credam,
1301 2757 1361 2841 qui

259 2851 509 2919 Platonicorum
527 2852 697 2937 juniorum
716 2851 975 2936 philosophandi
990 2856 1122 2921 ratione
1137 2858 1296 2940 magistra
1311 2878 1361 2923 re·

258 2955 415 3040 ligionem
429 2955 649 3021 Christianam
666 2962 702 3020 et
717 2955 865 3024 Deorum
880 2955 1004 3021 cultum
1020 2957 1105 3022 iuter
1121 2979 1160 3024 se
1176 2960 1360 3026 conciliare

259 3060 486 3138 conabantur;
509 3066 545 3123 ut
568 3058 792 3125 Christianam
815 3058 1004 3139 religionem
1025 3061 1060 3124 iu
1084 3062 1272 3126 universum
1296 3082 1360 3126 nou

258 3168 453 3247 spernerent
476 3160 623 3246 quidem,
644 3166 753 3227 tamen
776 3159 928 3226 Deorum
949 3163 1086 3243 cultum,
1108 3164 1138 3227 si
1160 3163 1191 3229 is
1214 3164 1359 3247 pbiloso-
1459 3242 1468 3258 ο

257 3264 350 3349 plia
365 3266 558 3349 praeceptis,
573 3284 638 3329 nou
654 3265 764 3349 plebis
780 3265 1008 3349 opinionibus,
1024 3264 1223 3344 definiretur,
1238 3265 1288 3331 illi
1303 3287 1359 3332 an-

258 3366 420 3435 teferrent
465 3368 519 3432 De
541 3371 730 3432 monstrosa
750 3386 863 3432 eorum
882 3367 1053 3434 bominum
1076 3369 1234 3451 religione
1258 3371 1361 3437 multa

253 3468 325 3556 jam
348 3468 463 3534 afferre
489 3468 570 3535 nibil
603 3469 738 3534 attinet:
770 3471 867 3554 plura
887 3469 999 3553 legere
1019 3473 1076 3555 qui
1097 3473 1201 3557 cupit,
1224 3473 1360 3538 Mosbe·

258 3573 319 3641 mii
345 3572 665 3637 commentationem
687 3571 823 3637 evolvat
847 3571 890 3636 de
917 3574 1049 3637 turbata
1071 3594 1131 3658 per
1156 3577 1360 3640 recentiores

258 3674 457 3742 Platonicos
480 3674 638 3752 ecclesia,
663 3674 681 3759 ᾗ
706 3689 809 3739 xxx·
830 3694 906 3760 sqq.
934 3674 1090 3743 Dissertt.
1112 3675 1155 3742 ad
1172 3675 1359 3741 Historiam

257 3776 393 3845 Eccles.
409 3777 536 3842 Pertiu.
558 3776 625 3841 vol.
642 3791 666 3839 r.
683 3797 715 3860 p.
731 3776 806 3841 162.
823 3796 899 3861 sqq.

303 3880 530 3965 Libellus,qui
541 3886 621 3963 post
633 3879 784 3944 Victoris
793 3880 854 3979 ‘dp
865 3880 1070 3948 Caesaribus’
1082 3878 1282 3963 opusculum
1293 3880 1358 3946 boc

257 3983 423 4048 volumine
453 3987 584 4068 positus
611 3988 673 4059 est,
697 3984 730 4047 iu
761 3982 938 4049 codicibus
967 3981 1213 4064 manuscriptis
1237 3983 1296 4065 qui
1323 3984 1357 4046 iu

258 4086 461 4151 bibliotheca
481 4085 653 4152 Guelferb.
670 4092 851 4165 serrantur,
866 4087 953 4153 bauo
976 4083 1222 4167 inscriptionem
1238 4084 1359 4151 babet:

259 4188 410 4272 ‘Incipit
421 4188 554 4255 libellus
564 4190 607 4256 de
618 4188 699 4254 Vita
711 4197 747 4254 et
766 4189 917 4256 Moribus
930 4188 1176 4274 Imperatorum
1188 4187 1358 4255 breviatus
