3022 5026
331 328 374 394 28
776 347 950 397 Jeunrcrr

331 492 548 558 consulatum.
593 493 660 557 His
684 493 806 558 libellis
820 493 1033 578 praemittitur
1054 492 1183 577 ‘Origo
1210 494 1329 561 Gentis
1355 494 1425 562 Ro·

330 597 463 660 manoe?
506 597 575 662 Sed
599 617 658 661 cnr
681 597 1019 662 commentatiuncula
1039 598 1136 662 istaec
1155 598 1261 662 minus
1276 598 1426 665 credatur

330 699 480 781 ejusdem
495 719 569 764 esse
583 698 741 770 Victoris,
753 700 934 764 verisimile
949 699 1031 765 iacit
1042 700 1160 764 titulus
1175 699 1267 783 ejus:
1290 703 1424 784 quando

329 801 408 865 istic
429 802 531 886 legas,
554 820 599 865 ex
621 802 773 866 fontibus
795 803 863 866 illis
886 803 1025 886 petitum
1046 823 1136 877 esse,
1159 804 1340 886 exquibus
1361 825 1424 870 sua

328 905 468 968 hausere
485 905 636 989 juniores
657 906 737 989 ipsi,
760 904 885 978 Livius,
909 912 943 969 et
956 904 1077 970 Victor
1092 905 1186 970 Aser.
1231 906 1320 985 Quis
1336 910 1423 973 enim

329 1008 374 1073 sit
387 1004 507 1072 Victor
523 1007 579 1072 illa
593 1006 689 1086 Aser,
705 1007 735 1070 si
749 1017 878 1072 nonest
894 1007 1072 1072 historicus
1087 1009 1143 1072 ille
1159 1007 1338 1073 Ammiano
1354 1031 1424 1076 me·

327 1120 488 1184 moratus,
503 1131 545 1175 ac
565 1112 661 1195 cujus
685 1112 753 1176 duo
774 1119 851 1176 sunt
870 1113 983 1187 libelli,
998 1131 1086 1194 quos
1108 1113 1324 1177 dicebamusl
1349 1114 1423 1180 Noc

328 1212 531 1278 obstatAsri
556 1234 755 1296 cognomen·
801 1215 890 1280 Nam
911 1216 1084 1279 Aurelium
1109 1215 1275 1280 Victorem
1289 1219 1423 1281 natione

327 1315 432 1381 fuisse
449 1314 578 1395 Atrum,
594 1338 615 1381 a
629 1337 709 1382 vero
728 1336 794 1382 non
816 1319 980 1394 abhorret,
1003 1317 1273 1401 quandoquidem
1297 1321 1423 1384 multus

327 1426 380 1483 est
395 1420 429 1484 in
445 1440 488 1485 ea
508 1419 686 1496 laudanda,
711 1440 751 1486 ac
774 1422 900 1486 alicubi
921 1422 1072 1505 appellat
1093 1427 1276 1485 ‘terrarum
1299 1419 1425 1486 decus!

328 1521 555 1600 Quamobrem
572 1524 621 1587 ita
636 1524 834 1604 colligimus,
849 1524 996 1588 libellum
1009 1524 1104 1587 illum
1115 1523 1157 1587 de
1170 1520 1307 1604 Origine
1318 1524 1423 1604 gentis

279 1667 283 1674 -
326 1625 491 1690 Romanae
505 1633 696 1708 congestum
707 1645 781 1689 esse
793 1626 836 1689 ab
847 1625 976 1709 aliquo,
986 1613 1149 1710 quisuerit
1159 1633 1237 1707 post
1247 1626 1422 1690 Aurelium

326 1726 510 1795 Victorem.
555 1731 669 1814 Atque
690 1729 778 1794 idem
793 1729 933 1813 scripsit
948 1734 958 1763 ‘
974 1729 1015 1792 de
1028 1726 1165 1811 Origine
1181 1727 1301 1792 Gentis
1317 1728 1420 1793 Pata·

326 1831 414 1896 vinae
428 1831 453 1895 ε’
475 1838 515 1895 ut
529 1835 602 1917 ipse
617 1833 712 1896 initio
728 1831 835 1896 libelli
851 1831 893 1895 de
913 1832 1038 1914 origine
1053 1833 1160 1913 gentis
1175 1831 1340 1896 Romanae
1357 1837 1421 1894 tes-

324 1941 424 1999 tatur.
469 1934 643 1999 Victorem
665 1936 772 1999 fuisse
797 1934 962 1998 hominem
986 1936 1155 2015 gentilem,
1171 1936 1224 2000 vel
1246 1936 1323 1999 inde
1339 1955 1422 1999 con·

325 2043 404 2110 stat,
421 2036 510 2119 quod
525 2039 559 2101 iu
577 2037 744 2102 Hadriani
759 2036 830 2100 vita
845 2056 885 2100 eo
902 2037 1052 2112 inclinat,
1074 2044 1113 2101 ut
1133 2036 1271 2102 Antinoi
1296 2037 1423 2104 sacrifi·

324 2138 415 2202 cium
430 2157 482 2202 res
497 2138 594 2203 luerit
608 2141 677 2223 pia,
694 2137 929 2222 religiosaque.
973 2139 1072 2202 Alius
1098 2141 1141 2203 ab
1166 2139 1230 2203 lroc
1254 2143 1419 2223 scriptore

324 2249 376 2305 est
389 2240 551 2305 Aurelius
569 2240 699 2317 Victor,
712 2247 927 2322 cognomento
944 2239 1087 2316 Primus,
1103 2240 1227 2324 dequo
1241 2242 1294 2317 sic
1307 2240 1421 2311 Julius

325 2340 538 2426 Capitolinus
562 2345 597 2408 in
619 2341 735 2426 Opilio
758 2341 929 2406 Macrino:
959 2341 1098 2407 ‘Verba
1119 2343 1264 2424 denique
1290 2341 1421 2411 Aurelii

324 2444 485 2526 Victoris,
496 2449 551 2512 cui
563 2447 677 2512 Primo
686 2465 868 2529 cognomen
879 2455 962 2523 erat,
971 2447 1043 2511 haec
1053 2446 1199 2512 fuerant:
1217 2446 1419 2524 Macrinum,

324 2549 513 2613 libertinum
527 2551 708 2626 hominem,
725 2548 946 2632 prostibulum
970 2548 1152 2613 servilibus
1175 2548 1295 2613 officiis
1317 2569 1420 2615 occu·

322 2650 463 2735 petum,'
483 2654 543 2719 &c
589 2651 679 2716 Nam
704 2650 819 2717 Julius
842 2651 1053 2735 Capitolinus
1076 2652 1166 2717 misit
1186 2672 1259 2716 eam
1277 2651 1420 2718 Macrini

324 2753 429 2818 vitum
454 2754 495 2818 ad
515 2754 776 2829 Diocletianum,
789 2752 1001 2836 Augustumr
1035 2762 1072 2818 ut
1093 2754 1287 2820 historicum
1317 2756 1419 2820 istum

323 2855 461 2921 laudare
475 2877 544 2922 non
563 2857 721 2940 potuerit,
734 2856 792 2939 qui
808 2847 1010 2921 breviarium
1025 2876 1123 2921 sunm
1143 2856 1297 2941 perduxit
1312 2878 1419 2942 usque

323 2959 366 3023 ad
383 2966 532 3043 tempora
547 2960 569 3024 J
573 2959 687 3025 eliani.
732 2957 831 3023 Adde
842 2958 933 3042 qnod
945 2978 986 3022 ea
997 2958 1039 3023 de
1054 2957 1209 3024 Macrino
1223 2961 1419 3042 neutiquam

322 3059 357 3125 in
371 3059 435 3126 hoc
451 3061 598 3127 Victoris
614 3062 779 3128 breviario
795 3062 954 3144 legantur.
998 3059 1098 3125 Alius
1118 3081 1252 3146 quoque
1265 3070 1319 3126 est
1334 3062 1415 3127 Sex·

323 3171 380 3227 tus
408 3164 568 3230 Aurelius
598 3165 732 3242 Victor,
753 3165 852 3248 cujus
878 3170 988 3244 extat·
1006 3165 1206 3247 opusculum
1229 3165 1269 3230 de
1292 3166 1362 3230 vita
1384 3175 1419 3235 et

321 3267 470 3332 moribus
486 3269 727 3353 Imperatorum
746 3269 973 3333 Romanorum
986 3287 1093 3350 usque
1108 3268 1151 3332 ad
1165 3268 1348 3334 Theodosii
1359 3289 1417 3335 ex·

322 3387 478 3435 cessum:
503 3372 544 3437 de
566 3391 634 3456 qno
658 3383 777 3457 postea
799 3370 957 3437 dicemus.
1005 3371 1078 3435 lmo
1100 3391 1162 3436 nec
1185 3391 1317 3456 semper
1332 3373 1417 3437 satia

322 3474 479 3537 convenit
489 3473 574 3539 iuter
585 3475 686 3539 hosce
696 3473 856 3538 Victores
868 3473 1067 3538 historicos:
1090 3480 1125 3538 ut
1136 3493 1212 3538 cum
1223 3475 1279 3538 ille
1291 3474 1417 3541 Schotti

321 3572 406 3639 duos
421 3581 567 3658 tantnm3
590 3578 796 3641 atterentem
812 3584 878 3641 tros
893 3577 1047 3658 agnoscit
1061 3577 1265 3642 Gordianos.

610 3929 865 3997 MARTINUS
891 3928 1114 3997 HANKIUS

464 4046 518 4113 De
535 4049 760 4116 Romanarum
781 4050 906 4117 Remm
924 4049 1164 4135 Scriptoribns,
1181 4061 1204 4108 1.
1220 4045 1274 4112 29.

364 4210 391 4261 ι.
412 4194 567 4267 Snxrns
583 4201 787 4269 Auuunrus
802 4202 964 4279 Vrcroa,
978 4200 1047 4278 ille,
1062 4199 1121 4282 qui
1132 4195 1307 4265 Caesarum
1324 4198 1411 4267 ritus
