3022 5026
525 392 699 441 urrunnu.
737 392 818 440 ose.
844 391 977 443 xxxii.
1233 384 1298 449 417

202 538 272 607 bui
285 539 415 602 dicitnr.
460 535 492 599 2.
516 535 718 601 AEmilisnus
733 556 812 601 vero
829 555 942 601 mense
955 542 1074 619 quarto
1085 539 1301 622 dominatus,e

203 643 295 729 opud
309 633 525 723 Spoletium,f
546 638 619 703 sire
640 646 790 723 pontem,
807 659 905 723 quem
923 640 967 703 ub
981 639 1054 724 ejus
1069 642 1190 721 ccedeg
1214 645 1301 710 San·

203 745 388 829 guinorium
404 743 578 825 accepisse
595 763 714 807 nomen
730 744 852 818 lerunt,
866 745 951 806 inter
970 743 1159 809 Ocriculum
1176 747 1300 814 Narni-

204 866 336 933 amque,
353 842 564 928 Spoletiumh
585 853 620 909 et
635 847 748 909 urbem
764 845 909 911 Romam
930 847 1063 930 regione
1082 847 1194 913 medin
1208 853 1301 932 posi-

204 956 285 1014 tum.
327 948 361 1013 3.
385 948 466 1013 Fuit
488 954 598 1012 eutem
625 946 765 1013 Mauros
789 968 917 1031 genere,
940 969 1086 1032 pugnax,
1100 971 1162 1016 neo
1186 961 1298 1017 tumen

205 1071 371 1137 praeceps.
413 1057 446 1115 d.
469 1049 569 1115 Vixit
583 1052 679 1117 annis
695 1053 804 1117 tribus
818 1053 931 1117 minus
945 1053 1193 1138 qninquaginta.

665 1200 846 1222 “venenuo

205 1286 302 1349 septimo
313 1285 409 1335 circiter
424 1289 448 1335 el
469 1283 577 1333 ltin-u
594 1285 691 1334 Messes
707 1288 807 1347 quotuor
824 1283 959 1333 domnolus
975 1284 1076 1335 Sebott.
1093 1285 1189 1335 Gsesb.
1208 1286 1304 1350 Delpli.

206 1351 299 1400 Pitisc.
311 1351 402 1400 Arntz.
420 1349 465 1398 sed
477 1355 643 1412 mmsequurto
655 1351 769 1412 reposuit
783 1349 896 1398 Gruner.
908 1350 1033 1399 suadente
1046 1349 1137 1400 Aruts.
1154 1366 1169 1401 e
1186 1353 1261 1401 codd.
1275 1359 1303 1402 et

207 1416 266 1466 edd.
278 1415 338 1465 ΑΜ.
349 1430 380 1464 sc
392 1415 493 1479 Grypb.
520 1415 636 1464 ‘Pithoei
648 1414 705 1464 cod.
719 1412 786 1463 infre
798 1416 834 1464 sie
853 1416 927 1479 legit,
942 1417 1013 1478 Apud
1031 1415 1159 1480 spoletum,
1175 1418 1223 1466 siue
1239 1418 1304 1466 iuter

208 1482 343 1530 Ocriculum
356 1481 549 1542 Nursiumqueet
565 1481 653 1529 Urbem
664 1480 821 1542 Remumiu.
834 1482 932 1544 reliqna
943 1481 1043 1529 desunt.
1066 1481 1167 1545 Cujucii
1178 1497 1236 1532 cum
1248 1483 1304 1530 vul·

207 1547 273 1608 getis
283 1547 421 1596 consentit.
455 1546 554 1595 liumus
565 1546 642 1594 tribur
653 1547 731 1594 miuus
741 1545 912 1608 quinquaginta
930 1546 993 1595 Mus.
1009 1560 1107 1608 omues,
1121 1560 1232 1612 proquo
1248 1549 1303 1595 vul·

207 1612 261 1674 goti
277 1616 377 1674 quarm
391 1610 471 1660 miuus
488 1609 607 1673 quisque!
623 1610 723 1659 Scbott.
757 1609 930 1674 spoletum„
944 1611 1080 1660 Ocriculum
1102 1611 1264 1676 Noreiamque
1280 1617 1305 1662 el

207 1677 339 1739 Spoletium
350 1673 411 1726 Am.
446 1676 582 1724 Ocriculum
599 1675 763 1738 Narniamque
779 1673 935 1739 [Spoletium]
951 1682 975 1726 ct
990 1675 1069 1725 urbem
1085 1676 1187 1726 Sebott.
1208 1677 1305 1728 Guesb.

207 1742 303 1804 Delpb.
315 1741 409 1790 Pitisc.
440 1741 510 1790 Vide
522 1740 585 1789 Not.
597 1741 692 1803 Delpb.
724 1741 837 1803 ‘Neque
850 1742 890 1789 uel
901 1741 946 1789 illu
963 1743 1108 1791 emendatio
1120 1750 1206 1805 potest
1224 1742 1305 1803 ferri3

207 1807 335 1856 nonenim
348 1805 486 1870 Spoletina,
498 1807 570 1870 eujus
582 1813 667 1854 tumeo
676 1819 757 1869 snprs
768 1806 894 1869 meminit,
905 1814 946 1855 est
958 1806 1024 1856 inter
1034 1805 1185 1857 Ocriculum
1197 1816 1225 1856 et
1238 1809 1306 1857 Nur·

206 1873 285 1932 nium,
296 1873 340 1921 sed
351 1885 431 1934 snprs
440 1881 577 1934 utrumque
586 1871 675 1920 urbem
684 1871 768 1934 posits
779 1872 887 1920 clritus:
900 1877 927 1920 et
939 1871 1000 1921 nibil
1011 1872 1100 1920 suxilli
1111 1882 1152 1922 est
1162 1875 1187 1922 in
1199 1873 1304 1936 scriptis

208 1939 249 1986 uel
259 1937 345 1997 editis,
359 1939 402 2001 qni
419 1950 507 1985 omnes
519 1947 650 1999 receptum
667 1945 784 1995 tuentur,
801 1938 849 1986 uisi
862 1934 929 2000 quod
943 1938 1100 1998 posteriores
1112 1938 1233 2001 Spolctum
1244 1953 1304 1987 exs-

206 2012 275 2051 rent.
309 2003 336 2051 st
347 2003 504 2066 conjector·
517 2009 649 2056 recesset,
667 2016 715 2065 pro
728 2002 846 2051 Numicus
858 2003 972 2051 dirluure
993 2004 1085 2052 liceret
1096 2003 1221 2052 Nursc‘um.
1255 2004 1305 2053 llus

208 2069 276 2117 euim
289 2076 343 2116 tres
355 2069 433 2117 urbes
444 2067 470 2116 lu
482 2067 611 2130 triangulo
623 2068 716 2131 positu
728 2074 788 2115 suut
807 2070 854 2123 its,
874 2077 902 2117 ut
914 2075 1034 2129 spectum
1049 2067 1115 2118 letus
1133 2069 1238 2118 claudet
1255 2069 1305 2118 lio·

207 2148 258 2187 mu.
270 2133 336 2182 odeo
347 2142 375 2181 nt
385 2133 411 2181 iu
423 2133 489 2182 Neri
501 2129 589 2192 fluuio,
601 2142 739 2196 postquem
752 2132 793 2180 ille
804 2133 891 2182 Velini
903 2133 974 2196 equis
985 2134 1085 2184 auctior
1097 2135 1227 2198 procedit,
1240 2149 1305 2196 pons

208 2200 251 2247 ille
269 2198 447 2262 suugniusrius
463 2196 558 2247 fuerit?
574 2197 708 2247 Ante-8
727 2198 790 2246 Mes.
800 2213 899 2262 omues,
910 2204 979 2246 teste
994 2198 1083 2248 drntz.
1103 2199 1205 2248 Mouncs
1218 2214 1307 2261 gruere

205 2276 321 2327 pugensis.
347 2263 407 2312 Ald.
430 2263 494 2327 legit
509 2277 597 2326 gerere
617 2262 721 2311 Maurus
740 2268 895 2324 picenum-d
913 2263 1022 2319 Quuluor
1040 2264 1119 2312 mirus
1139 2265 1219 2327 quinq.
1245 2274 1306 2314 ante

211 2329 299 2378 Vinet·
310 2329 460 2392 legebatur3
476 2329 546 2378 esuis
556 2327 611 2377 111.
628 2328 706 2378 minus
717 2328 750 2378 L.
761 2328 822 2378 Ald.

702 2458 811 2510 NOTAE

241 2554 323 2612 ‘'Quoe
333 2570 395 2604 nunc
407 2554 496 2618 Girba]
516 2554 653 2618 Hodieque
661 2555 739 2603 etism
776 2555 882 2605 curibus.

210 2645 303 2680 nomen
325 2631 441 2691 retinet3
477 2644 536 2680 num
559 2631 646 2692 Gerbi,
667 2630 741 2680 Zerbs'
808 2629 905 2680 hluter
917 2631 1226 2695 Ocriculum[0tricrclum]
1240 2633 1306 2682 Nur·

212 2716 329 2756 uocetur.
775 2709 891 2771 uiamque,
903 2707 1046 2772 Spoletium]
1071 2708 1138 2758 liele
1149 2707 1213 2758 iilud
1225 2709 1307 2772 Spole·

242 2792 253 2817 ⁸
270 2782 353 2832 Mense
363 2785 448 2845 quarto
461 2781 563 2844 [meuses
576 2780 689 2845 quotuor]
699 2782 741 2830 do·
776 2786 846 2844 tium,
854 2800 912 2834 uum
922 2785 1070 2845 esuperlori
1081 2798 1156 2834 versu
1164 2786 1214 2834 buc
1225 2787 1307 2836 intru-

210 2857 326 2921 miuctus]
353 2858 437 2920 Supra
459 2857 551 2906 Victor
570 2870 670 2907 meuses
688 2866 741 2906 tres
776 2877 844 2910 sicin:
865 2876 916 2910 uon
936 2861 999 2909 setis
1017 2860 1123 2923 placent
1142 2862 1220 2909 etism
1235 2863 1306 2912 huc:

212 2936 321 2997 imperio
332 2949 404 2983 usum
417 2933 517 2983 scribit.
777 2939 846 2987 luter
858 2937 1002 2993 otriculum,
1015 2936 1216 3000 Narniamque&
1228 2940 1309 2989 urbem

255 3010 421 3074 ‘Spoletinum
447 3009 546 3060 Urbem
571 3009 597 3059 in
620 3007 742 3061 interiore
778 3013 888 3061 Romam.
922 3013 1000 3062 Retio
1024 3019 1064 3060 est
1087 3013 1155 3076 qttod
1172 3015 1217 3078 qui
1236 3015 1308 3066 locus

212 3088 419 3154 portellmbriae.
777 3090 848 3138 inter
870 3087 1019 3138 otriculum
1041 3094 1070 3137 et
1090 3088 1179 3138 orbem
1202 3091 1308 3142 Romam

245 3174 257 3209 r
275 3165 350 3221 Quem
360 3163 446 3224 oldus
455 3162 531 3226 cede]
548 3163 634 3214 Nemo
646 3171 741 3225 tumen,
778 3181 835 3215 esse
845 3165 949 3221 dicitur,
961 3165 983 3213 is
995 3179 1044 3214 uon
1057 3174 1128 3215 reete
1139 3166 1208 3216 inter
1218 3171 1309 3218 urbem

213 3240 281 3305 quod
293 3240 383 3303 scium,
393 3238 435 3288 bie
447 3238 607 3290 AEmilisnnm
622 3241 743 3291 interem·
779 3243 886 3294 Romsm
900 3241 1076 3305 Narniamque
1087 3256 1144 3292 esse
1158 3242 1263 3301 dicitnr,
1281 3253 1309 3295 ut

215 3329 269 3369 tum
287 3317 371 3379 dicit;
388 3323 415 3366 et
432 3317 614 3380 suprsllictor
633 3319 743 3369 sitenm
778 3334 811 3369 ex
833 3333 922 3368 eorum
945 3317 1074 3382 positione
1096 3320 1159 3368 sutis
1188 3330 1309 3371 constet:

213 3404 273 3460 post
293 3402 347 3443 tres
366 3407 467 3443 meuses
494 3393 606 3443 modesti
634 3395 745 3459 imperii,
780 3411 860 3461 quere
878 3395 997 3459 legebum
1012 3393 1076 3442 ister
1089 3395 1229 3453 Otrs'culum,
1243 3398 1310 3446 Nur·

213 3471 303 3523 morbo
320 3470 485 3519 absumtnm:
513 3471 629 3535 quumvis
651 3473 745 3524 Zosim.
779 3474 881 3528 niomoe,
889 3478 912 3522 el
923 3470 1004 3520 urbem
1017 3470 1222 3534 Rcmcmregicre
1232 3476 1309 3524 medic

214 3563 228 3597 ι
239 3550 291 3598 sols
304 3547 469 3597 interemtum
481 3545 554 3599 dicit.
571 3547 637 3598 Vide
649 3549 675 3598 ln
687 3549 745 3600 Cn·
778 3553 889 3615 positum.

603 3889 709 3956 CAP.
740 3889 917 3956 XXXII.

239 4025 412 4075 eruturus
435 4026 696 4089 vunnursnos,
719 4028 951 4084 osnnsuuos,
976 4029 1053 4077 ouu
1078 4027 1290 4076 cursurus.

259 4145 289 4206 l.
314 4144 493 4210 Lrouuws
509 4144 787 4224 Vsnunssunm
809 4151 1025 4228 cognomento
1052 4145 1227 4224 colobius,
1249 4148 1308 4210 im-

217 4248 348 4330 peravit
358 4267 461 4311 annos
473 4247 689 4334 quindecim·
703 4250 897 4332 parentibus
912 4257 1007 4315 ortus
1018 4247 1310 4333 splendidissimis,

281 4363 368 4427 Delpll.
378 4370 401 4414 el
416 4364 475 4416 Ver.
488 4367 553 4416 Cloe.
684 4366 765 4416 Aurel-
779 4365 843 4416 Vici.
1184 4373 1201 4417 t
1221 4371 1244 4419 D
