3022 5026
472 366 521 413 nn
543 365 762 414 cessamus
784 366 866 415 cun.
891 366 1040 416 xxxix.
1238 351 1305 417 329

213 507 352 576 detulitk
368 508 590 574 adolescentis
604 510 776 575 oculorum
787 509 893 575 dolor.
936 510 968 576 8.
986 511 1140 596 Denique
1151 513 1209 578 diu
1222 514 1305 579 faoi·

212 632 278 676 nus
294 612 514 688 occultatum,
524 611 604 675 dum
620 611 772 677 clausum
787 612 909 677 lectica
917 612 1073 691 cadaver,
1083 616 1196 698 specie
1211 616 1303 699 aegri,

212 733 255 778 ne
271 723 370 779 vento
384 714 620 779 obtunderetur
634 714 741 791 acies,
757 715 960 797 gestabatur.

667 862 851 884 ΟΝΜΜΟΝ

212 944 295 1004 sinuo,
314 945 357 1021 qui
378 951 405 995 et
424 944 457 993 de
474 943 547 1010 Apso
564 944 639 996 intuli
665 948 764 996 mults!
787 946 929 997 Solate-8
945 945 1028 1010 Specie
1039 947 1111 1011 agri,
1130 960 1160 997 ne
1176 951 1253 1003 cents,
1271 962 1304 999 ex

211 1008 394 1061 emendatione
405 1010 517 1076 schotti,
528 1013 658 1077 prospecte
668 1027 733 1075 agre
742 1018 813 1062 sento
823 1023 909 1063 antes.

703 1124 811 1177 NO'I'AE

243 1213 427 1271 k‘isse'scosusn
445 1214 543 1277 detulit]
563 1216 663 1269 Quibus
678 1217 738 1266 insi·
778 1216 895 1267 dolorem
929 1223 1096 1266 contruxerat
1124 1215 1307 1285 Numerianus,

211 1290 260 1340 diis
271 1306 367 1349 cosam,
379 1292 404 1341 id
423 1302 464 1343 est
480 1292 739 1360 occasionempdedit
778 1292 847 1359 quod
855 1293 934 1343 nimio
945 1292 1008 1344 fletu
1019 1294 1107 1343 oculos
1118 1293 1283 1358 corrupisset.

212 1369 364 1420 Nemesisni
385 1369 460 1419 dolos
486 1369 626 1420 oculorum.
658 1369 737 1420 iluna

590 1732 696 1798 CAP.
726 1733 926 1800 XXXIX.

502 1868 694 1918 vaunntus
719 1871 1015 1919 ammonianus.

252 1986 284 2052 1.
307 1985 383 2051 Suo
399 1993 578 2071 postquam
591 1987 693 2054 odore
714 1989 982 2054 tabescentium·
995 1990 1215 2053 membrorum
1230 2008 1304 2054 sce·

209 2089 264 2152 lus
278 2089 446 2172 proditum
461 2097 522 2168 est,
538 2089 661 2154 ducum
686 2091 826 2156 consilio
845 2093 1131 2174 tribunorumque,
1146 2090 1304 2155 Valesius

209 2189 457 2270 Diocletianus,
477 2192 678 2257 domesticos
698 2189 840 2275 regens)
854 2195 898 2257 ob
913 2195 1110 2276 sapientiam
1127 2193 1305 2277 deligitur,⁶

208 2312 350 2376 magnus
366 2294 425 2371 vir,
438 2294 490 2359 his
506 2290 679 2358 moribusd
695 2301 823 2359 tamen:
849 2294 881 2358 2.
898 2296 1023 2379 quippe
1037 2296 1096 2380 qui
1111 2297 1239 2379 primus
1258 2315 1304 2360 ex

208 2414 289 2460 auro
306 2403 397 2461 veste
421 2397 591 2483 qnaesita,·
606 2396 702 2460 serici
722 2416 761 2460 ac
778 2416 936 2480 purpurae
950 2417 1219 2481 gemmarumque
1235 2399 1303 2463 vim

206 2497 330 2580 plantis
345 2500 586 2583 concupiverit.
629 2499 663 2564 3.
687 2498 773 2577 Quae
796 2519 987 2585 quanquam
1003 2501 1080 2584 plus
1101 2520 1200 2583 quam
1219 2501 1303 2564 civi·

207 2599 265 2674 lia,
281 2600 466 2684 tumidique
492 2610 528 2665 et
548 2600 718 2665 affluentis
734 2603 859 2681 animi;
882 2602 971 2666 levia
996 2607 1105 2666 tamen
1124 2622 1192 2685 prae
1217 2608 1302 2666 cete-

210 2702 266 2764 ris.
309 2703 341 2767 4.
366 2701 523 2787 Namque
547 2721 585 2765 se
598 2702 724 2785 primus
737 2704 895 2779 omnium,
911 2702 1101 2785 Caligulam
1126 2711 1216 2786 post,
1232 2702 1304 2768 Do·

208 2801 474 2889 mitiaunmque,¹
486 2804 671 2869 Dominum
686 2805 798 2888 palam
816 2804 883 2868 dici
903 2823 1038 2888 passus,
1053 2811 1086 2868 et
1103 2804 1236 2869 adorari
1253 2825 1303 2884 se,

671 2952 854 2976 Omumofl

241 3036 311 3089 cue.
325 3050 429 3088 xxxix.
470 3037 616 3089 somnium
635 3039 771 3101 Cuigsiom
786 3045 849 3104 post,
869 3037 1076 3101 Domitianumque
1093 3037 1194 3087 Schott.
1207 3036 1302 3089 Gocsb.

702 3136 809 3188 NO'l'lE

240 3241 252 3267 ⁸
271 3234 349 3284 Odore
360 3232 539 3297 tabescentium]
555 3234 563 3262 ⁴
575 3234 679 3284 rotare
694 3241 733 3284 ts·
806 3233 818 3269 l
831 3234 883 3284 His
892 3232 1009 3296 moribus]
1019 3233 1062 3284 Sic
1071 3248 1149 3298 supra
1160 3232 1264 3297 alicubi,
1275 3241 1304 3284 et

208 3325 268 3360 men
290 3310 425 3360 cadaueris
454 3325 496 3361 res
516 3318 585 3361 esset
611 3310 734 3377 proditu?
773 3312 882 3363 Terent.

209 3387 317 3451 Vopisc.
805 3388 931 3437 ⁰Primus
943 3391 1116 3436 samosate
1128 3387 1240 3451 quaesito]
1258 3386 1302 3437 ln·

239 3460 251 3495 δ
267 3462 415 3512 Domesticos
435 3461 530 3525 emens]
552 3462 736 3515 ‘Domesticos
774 3463 815 3515 irs
836 3473 922 3514 tumeo
941 3463 1056 3528 Epitom.
1078 3464 1116 3512 sit
1133 3462 1302 3512 Aurelianum

208 3545 270 3587 tuuc
297 3536 451 3600 regentem!
474 3536 581 3602 Vopisc.
603 3546 610 3569 ⁸
625 3540 738 3603 Donness
774 3543 885 3606 primum
897 3549 987 3590 sttssts
998 3539 1067 3589 onsui
1080 3548 1152 3589 veste
1165 3554 1247 3588 tussim.

206 3612 272 3664 tici'
290 3625 376 3663 utitem
397 3612 552 3663 dicebantur
566 3615 673 3680 milites,
690 3617 733 3682 qui
807 3617 817 3653 ¹
837 3619 972 3681 Caligulam
994 3624 1058 3679 poa,
1083 3617 1304 3682 Domitianumque]

207 3705 257 3740 non
270 3690 295 3739 in
307 3689 374 3749 scie,
386 3689 432 3739 sed
449 3689 528 3748 domi.
544 3690 633 3743 lateris
645 3703 733 3757 prose·
772 3697 857 3760 Supra
869 3696 895 3744 in
906 3695 1016 3758 Caligul.
1028 3709 1086 3756 csp·
1098 3699 1122 3743 ³.
1136 3696 1143 3720 ¹
1157 3694 1209 3744 Hic
1219 3695 1302 3744 elutus

205 3767 283 3831 pendi
294 3766 361 3816 sacri
378 3780 465 3816 cusum
481 3766 627 3819 habebant:
644 3785 733 3822 aarum
775 3772 909 3824 Dominum
930 3771 993 3831 dici,
1011 3779 1091 3834 atque
1111 3770 1209 3833 insigne
1228 3771 1303 3834 regui

207 3846 252 3895 slil
278 3845 388 3908 equites,
413 3843 457 3893 slii
485 3842 589 3908 pedites
616 3843 731 3897 fuerunt.
772 3848 852 3912 cupiti
862 3856 968 3898 nectere
982 3845 1149 3897 tentaverat!
1168 3846 1238 3895 Etin
1249 3847 1302 3896 Do·

206 3922 258 3974 Qui
280 3935 341 3971 seso
369 3922 395 3969 in
424 3919 480 3969 scie
502 3928 640 3984 protegere
666 3923 732 3972 istus
772 3924 1303 3989 misionocap.11.‘Quippoqatseno-

205 3998 330 4063 principis
341 3995 485 4058 aotsbsoa‘
498 4005 663 4061 protectores
676 3998 732 4051 'di·
773 4003 870 4052 minum
881 4004 1020 4066 Deumque
1031 4000 1084 4051 dici
1094 3998 1220 4063 co'e'perit,
1231 4000 1302 4064 quod

205 4074 339 4125 cebsatnt.
774 4078 911 4134 confestim
924 4079 956 4128 ab
964 4077 1159 4139 insequentibus
1166 4085 1301 4134 remotum,

237 4149 402 4214 ‘Deliguud
428 4149 461 4202 Α.
480 4151 513 4201 U.
532 4155 605 4201 1036.
623 4159 684 4217 post
703 4153 733 4204 C.
774 4156 882 4203 solidius
899 4155 979 4205 nsnlto
997 4153 1105 4219 posthoc
1121 4153 1245 4219 deinceps
1262 4168 1301 4203 nc·

205 4230 263 4278 etit.
775 4230 875 4282 tuisse!
