3022 5026
520 420 569 468 nu
594 415 812 475 cusentino
835 420 918 468 car.
934 421 985 470 ιν.
1237 406 1303 472 24⁵

210 587 265 635 nte
297 571 433 650 egestas
464 565 669 649 composita,
698 585 798 649 quam
830 564 983 648 Caligula
1008 565 1195 646 induxerat,
1222 570 1302 637 dum

208 671 337 738 adactis
353 673 425 734 toto
442 670 522 733 orbe
537 668 704 751 navigiis,¹
729 668 883 753 pervium
897 676 1019 738 ‚mare¹
1041 669 1178 736 theatris
1200 676 1301 738 curri·

208 776 341 858 busque
363 773 487 837 damno
514 770 650 855 publico
674 769 805 836 efficere
833 771 1012 836 contendit.
1058 771 1178 856 Neque
1201 795 1302 842 secus

207 897 312 944 censu
327 875 476 949 novato)
498 893 587 951 cnm,
603 880 722 938 senatu
737 875 838 939 motis
862 873 1023 957 pluribus,
1047 873 1208 939 lascivum
1222 878 1302 942 ado·

207 978 415 1056 lescentem,¹¹
438 998 535 1062 quem
550 977 616 1042 sibi
631 979 809 1061 probatum
825 996 947 1061 parens
963 983 1162 1055 asseruerat,
1179 980 1304 1045 retinu-

208 1083 302 1162 isset,
316 1100 491 1146 censorem
505 1086 541 1145 et
555 1079 670 1144 liberis
685 1083 813 1162 putrem
825 1077 946 1144 debere
962 1099 1051 1159 esse,
1066 1087 1158 1145 recte
1172 1081 1304 1166 adjece-

209 1191 271 1250 rat.
314 1183 348 1247 4.
369 1180 437 1247 Ast
451 1183 511 1247 ubi
526 1180 742 1248 Messalinee¹
758 1180 920 1265 conjugis,
931 1183 1099 1266 simulque
1114 1184 1304 1251 libertorum

209 1286 576 1372 delinimentis,quibus
589 1290 696 1352 semet
709 1285 894 1366 dediderat,
901 1287 936 1350 iu
950 1306 1091 1371 pravum
1100 1288 1305 1368 abstractus,

208 1409 275 1456 non
289 1389 349 1455 illa
363 1391 465 1455 modo
474 1396 688 1473 tyrannorum
703 1389 862 1465 admissa,
875 1408 1000 1466 verum,
1009 1409 1087 1474 quae
1098 1396 1304 1474 postremum

207 1513 312 1577 genus
328 1492 517 1570 mulierum,
542 1501 645 1577 utque
674 1491 794 1557 servile
810 1493 926 1575 quibat
950 1493 1060 1557 lacere
1079 1493 1152 1558 viro
1178 1496 1305 1560 amenti

208 1597 421 1681 dominoque.
463 1599 496 1662 5.
519 1596 676 1681 Namque
703 1614 793 1661 uxor
816 1597 924 1680 primo
939 1597 1078 1680 possim,
1101 1597 1200 1680 quasi
1217 1596 1304 1681 jure,

207 1700 369 1766 adulteris
386 1700 561 1766 utebatur:
583 1719 692 1784 eoque
706 1698 853 1763 extincti
877 1718 954 1764 cnm
981 1699 1054 1764 suis
1077 1700 1240 1784 plerique,
1255 1699 1304 1765 in-

208 1804 309 1885 genio
334 1823 393 1868 seu
418 1810 508 1868 metu
531 1802 758 1882 abstinentes3
780 1801 860 1865 dum
884 1802 1102 1886 pervagatis³
1127 1801 1304 1869 mulierum

208 1906 335 1970 nrtibus
350 1906 420 1990 peti
443 1926 480 1971 se
502 1925 523 1969 a
544 1906 661 1990 petitis
685 1905 888 1970 criminetur.
935 1904 1068 1970 Dehinc
1083 1908 1231 1971 atrocius
1246 1926 1304 1972 nc-

206 2026 322 2081 oensa,
346 2009 527 2074 nobiliores
552 2027 706 2093 quasque
731 2012 856 2091 nuptae
883 2015 919 2072 et
946 2008 1089 2091 virgines
1116 2016 1303 2075 scortomm

207 2111 310 2174 modo
325 2131 439 2177 secum
461 2114 698 2197 prostitueret3
724 2111 906 2196 coactique
926 2130 1034 2175 mares
1061 2111 1111 2176 nti
1138 2112 1302 2178 adessent.

125 2298 133 2310 Ι
205 2213 239 2283 6.
261 2212 363 2293 Quod
380 2216 410 2280 si
423 2218 481 2300 qui
492 2215 573 2280 talia
587 2216 767 2290 horruerat,
782 2212 895 2280 afficto
907 2214 1047 2278 crimine
1062 2214 1219 2298 idipsum
1233 2234 1304 2279 om·

206 2336 350 2402 nemque
366 2317 528 2383 furnilium
549 2319 761 2383 seviebatur.
804 2320 838 2384 7.
860 2317 1018 2402 Namque
1040 2316 1228 2395 claudium,
1254 2319 1305 2383 uti
1370 2364 1373 2368 -

204 2437 308 2504 supra
323 2421 509 2497 docuimus,
525 2431 645 2486 natura
661 2420 991 2505 performidolosnm,
1004 2420 1132 2505 injecto
1146 2429 1235 2486 metu
1250 2422 1303 2486 sui

206 2525 391 2606 agitabant,
404 2524 551 2590 maxime
561 2525 814 2610 conjurationis,
840 2542 907 2608 quo
922 2532 1110 2589 commento
1123 2523 1230 2589 liberti
1244 2525 1302 2589 eti-

666 2673 847 2695 ”WOOWO

206 2767 348 2819 Arete-⁵
369 2770 451 2819 Primo
465 2773 608 2835 passimque,
620 2771 699 2837 qemi,
709 2784 798 2821 omnes
811 2776 908 2834 prater
918 2770 978 2834 Bip.
990 2776 1016 2820 et
1027 2771 1142 2821 Groner.
1155 2771 1201 2836 qui
1214 2769 1245 2820 rt
1261 2786 1306 2835 que

700 2916 811 2968 Nom

237 3014 364 3064 *Adonis
386 3019 436 3063 tote
455 3014 510 3064 erle
530 3014 645 3078 emr'giir]
666 3013 737 3064 Vide
776 3015 819 3065 lie.
851 3012 927 3063 Idem
939 3012 1023 3064 'l'eolt
1035 3027 1075 3063 xr.
1085 3012 1181 3065 Annel.
1193 3012 1240 3063 red
1252 3013 1305 3064 Eu·

205 3091 315 3143 Sueten.
333 3091 358 3140 in
371 3090 489 3152 Cellguln
499 3105 524 3139 c.
538 3095 576 3140 19.
588 3097 615 3139 et
632 3088 698 3138 infre
709 3091 736 3140 in
776 3092 841 3143 rebii
855 3092 951 3142 Graeoe
962 3092 1067 3148 hebent,
1081 3097 1109 3140 nt
1120 3092 1219 3156 optime
1230 3100 1305 3142 nota·

206 3171 322 3235 Epirum.
334 3169 477 3219 Claudiurn.
502 3170 542 3219 De
556 3171 604 3219 heo
616 3176 735 3233 egestate
778 3170 816 3219 vit
835 3169 960 3232 Scaliger,
978 3181 1065 3218 xcvrr.
1078 3167 1159 3218 millis
1178 3168 1304 3232 amplior:

206 3247 321 3296 Seneca:
340 3248 348 3274 ⁶
359 3245 466 3309 Septem
476 3252 520 3295 ent
529 3253 589 3295 octo
597 3256 670 3294 certe
681 3244 736 3294 die·
776 3245 844 3311 quod
855 3245 993 3295 discrimen
1002 3243 1071 3294 bend
1082 3244 1169 3310 exigui
1180 3245 1304 3296 momenti

205 3336 261 3371 rum
272 3321 368 3371 ciberis
377 3321 736 3386 supererant,durnillepoo·
776 3329 826 3371 ert.
1344 3371 1346 3375 .

206 3403 247 3446 ter
259 3397 369 3446 neribus
375 3396 476 3460 jungit,
487 3407 514 3448 et
524 3399 621 3448 viribon
633 3399 736 3463 imperii
808 3400 964 3450 “hedure
984 3398 1165 3463 muntem]
1195 3398 1305 3448 Sueten.

205 3474 282 3538 ludit,
300 3476 392 3526 ederet
409 3478 526 3527 ultimum
545 3479 670 3528 melorum
690 3479 735 3529 ob·
777 3491 835 3539 cap.
852 3481 893 3526 lo.
908 3480 916 3505 ⁴
930 3476 1121 3540 Recognltione
1133 3475 1248 3540 equitnm
1261 3474 1304 3538 jn·

205 3553 283 3602 remis
303 3566 415 3617 quoqne,
431 3554 609 3605 alimentorum
626 3563 735 3618 egenter.
776 3568 867 3603 venem
880 3553 967 3618 probri
983 3553 1095 3617 plenum,
1111 3551 1158 3600 sed
1170 3565 1246 3616 quern
1257 3565 1304 3613 pn·

205 3630 294 3679 Exitio
303 3644 378 3694 pene
387 3628 490 3681 ecfeme
500 3634 735 3698 constitit,et,qnae
777 3639 818 3681 ter
848 3630 1057 3695 probatissimum
1079 3629 1128 3678 sibi
1150 3628 1305 3683 affirmehet,

204 3703 298 3755 semem
309 3707 437 3770 seqnitur,
450 3720 536 3757 rerum
554 3709 668 3758 omnium
685 3711 736 3760 rui·
776 3709 832 3759 eine
843 3708 985 3773 ignominis
993 3706 1100 3771 dimisit,
1107 3707 1204 3756 hebere
1214 3705 1304 3756 dicent

204 3797 248 3839 ne,
259 3780 360 3842 furiosi,
374 3789 403 3832 et
423 3783 534 3845 externi,
550 3792 578 3834 et
594 3783 735 3836 infeliciter
775 3802 908 3837 censorem
919 3784 1009 3835 enum!

204 3859 310 3925 superbi
323 3859 532 3923 regieinritetio!
805 3872 819 3897 ¹
840 3861 991 3925 Maeotim]
1024 3859 1156 3910 Valerium
1183 3858 1303 3909 Menali-

235 3943 245 3970 ⁸
260 3937 376 3987 Porcium
386 3935 461 3999 mere]
479 3936 568 3986 Sinum
580 3937 715 3989 Belenum.
774 3956 832 3990 nem
850 3940 959 3990 Barbati
976 3938 1097 3988 Mortales
1118 3936 1197 3986 filium
1224 3943 1304 3987 rorat

235 4013 245 4045 ί
263 4014 341 4062 Cenru
349 4013 445 4076 nocato]
461 4012 556 4062 Enreb.
569 4013 594 4061 in
607 4013 734 4064 Chronico
774 4021 879 4069 Sueten.
932 4024 935 4030 '

203 4103 274 4140 num.
293 4104 325 4139 nr.
338 4103 370 4140 nr.
387 4103 445 4139 uxr.
464 4103 497 4137 ex
515 4089 733 4152 interpretatione
804 4091 992 4156 rPerrogctis]
1020 4092 1054 4141 Et
1072 4091 1098 4140 in
1117 4090 1206 4153 sceris,
1226 4096 1254 4141 et
1275 4090 1302 4140 in

204 4163 373 4230 Hieronymir
384 4166 559 4230 descriptione
567 4166 732 4219 Romuleete
774 4169 888 4235 prolenis
900 4170 992 4229 literis,
1001 4175 1082 4218 tester
1094 4165 1233 4234 inceptos,
1242 4166 1302 4218 Bel·

204 4240 254 4290 ent
265 4241 383 4305 ciendis,
395 4243 499 4293 invente
508 4242 671 4294 rnntcivium
680 4246 730 4295 Ro·
773 4249 905 4315 leroplron,
921 4246 1139 4312 Hippomenen

158 4354 162 4365 .
204 4331 337 4368 manorum
348 4328 577 4387 excrescentem,
590 4333 664 4371 xnrr.
675 4322 731 4372 rnil-
