3022 5026
424 352 471 399 on
495 350 714 398 cassamus
738 352 820 399 cnr.
843 351 967 400 xxxv.
1172 337 1239 403 323

150 493 331 571 destinant,
351 496 398 560 uti
417 504 536 579 suopte
559 497 715 562 arbitratu
732 495 879 562 Patresy
902 496 1138 581 Imperatorem
1158 498 1238 564 deli-

150 605 270 678 gerent.
314 597 366 661 lo.
390 597 520 676 Quibus
550 599 613 662 hoc
642 600 790 682 ipsorum
817 600 1032 683 potissimum
1061 605 1239 668 convenire

151 718 273 763 rnuuus
297 701 579 783 respondentibus,
599 721 729 765 mrsum
751 702 898 785 legiones
923 703 965 767 ad
988 722 1050 767 cos
1076 704 1239 789 rejiciunt.

150 801 203 865 ll.
226 803 282 866 Ita
295 806 463 889 utrimque
479 805 608 888 pudore
622 824 663 870 ac
679 805 847 872 modestia
861 807 1103 884 decertabatur,
1117 829 1192 874 rara
1205 811 1241 874 in

149 903 339 968 hominibus
364 908 492 983 virtute,
513 908 612 970 rebus
635 910 821 991 prasertim
841 908 1048 993 hujusmodi,
1067 929 1108 975 ac
1134 929 1241 994 prope

151 1010 266 1088 ignota
294 1007 464 1071 militibus.
519 1009 572 1072 12.
594 1009 737 1073 Tantum
765 1009 823 1074 ille
855 1010 904 1074 vir
930 1011 1107 1076 severitate
1137 1017 1241 1095 atque

150 1109 350 1193 incorruptis
369 1110 498 1175 artibus
514 1109 633 1194 potnit,
644 1117 680 1174 nt
691 1112 764 1195 ejus
779 1112 872 1177 necis
887 1113 1100 1178 auctoribus·
1122 1115 1240 1192 exitio,

151 1213 267 1295 pravis
289 1213 407 1291 metui,
430 1214 587 1279 simulata
613 1213 752 1291 dubiis,⁸
770 1215 899 1298 optimo
920 1217 1043 1300 coique
1066 1216 1242 1294 desiderio,

151 1315 271 1380 nemini
286 1316 475 1382 insolentiae
491 1326 551 1380 aut
565 1318 779 1381 ostentationi
795 1327 899 1382 esset.
922 1318 1036 1403 Atque
1050 1320 1152 1383 etiam
1166 1321 1242 1398 soli,

153 1419 250 1500 quasi
266 1418 437 1498 Romulo,b
449 1421 626 1504 interregni
641 1421 771 1504 species
786 1421 930 1498 obvenit,
945 1421 1046 1505 longo
1067 1441 1149 1487 vero
1170 1421 1243 1506 glo·

153 1653 202 1698 -9
219 1648 249 1698 lu
258 1647 311 1698 dne
321 1649 448 1711 diligerent
460 1651 532 1700 malit
543 1651 712 1702 Sonare—ro
728 1653 855 1717 ‘bruun
863 1652 1010 1716 potissim
1019 1651 1143 1702 earnem
1152 1666 1246 1702 mss.

153 1714 217 1764 Olet
229 1715 339 1778 glossam
346 1715 376 1763 ri
384 1718 516 1766 cosmica
533 1717 628 1768 Delerc
638 1727 724 1767 tamen
736 1725 782 1768 aut
793 1719 932 1769 obliterare
944 1732 995 1767 non
1003 1719 1084 1767 ausim
1096 1718 1150 1767 sine
1160 1718 1243 1767 libris.

154 1779 422 1841 Pescennianam!
435 1781 577 1844 legendijss
587 1781 668 1832 eredo
680 1783 824 1848 scripsisse,
833 1797 883 1833 noo
894 1782 1013 1844 legionm
1029 1790 1056 1832 et
1071 1783 1157 1836 statim
1166 1786 1243 1832 certe·

155 1843 242 1894 basar!
258 1845 358 1896 senon.
389 1847 530 1896 ‘Arntsen
545 1849 642 1898 retinet
654 1848 760 1898 verbum
768 1849 904 1905 emunire,
915 1855 942 1897 st
953 1848 1027 1898 malit
1042 1848 1129 1911 legera
1138 1848 1246 1910 ipsorass

155 1910 198 1958 uni
205 1926 216 1969 ,-
232 1911 300 1972 quod
312 1911 450 1974 petiissent
460 1913 582 1975 legiones,
591 1921 621 1963 ut
631 1923 734 1963 senatus
749 1917 798 1963 ‘ex
810 1928 857 1962 sno
869 1914 958 1962 ordine
969 1913 1112 1978 principem
1129 1910 1246 1976 legeret'

156 1973 225 2037 spud
234 1976 373 2040 Vopiscum
383 1977 408 2024 in
421 1977 513 2026 Tacito
522 1993 544 2027 c.
554 1982 579 2027 2.
596 1979 709 2029 Gruner.
720 1994 778 2029 corn
792 1978 860 2042 spnd
871 1980 996 2029 Nostrum
1006 1977 1038 2025 de
1047 1978 1175 2028 electione
1186 1986 1243 2026 tsn-

158 2046 212 2088 tum
224 2039 402 2106 lmpcrstoris,
412 2056 462 2092 non
474 2042 507 2092 de
519 2043 609 2092 ordine
621 2060 653 2093 es
666 2060 716 2108 qno
724 2045 787 2106 eligi
798 2044 904 2107 debeat,
916 2057 1000 2093 serino
1011 2043 1056 2105 sit,
1066 2044 1104 2093 ita
1113 2042 1248 2106 legendum

156 2114 260 2181 censet:
278 2107 320 2156 boc
332 2106 437 2170 (nempe
449 2109 632 2221 imperatorem
642 2108 770 2173 deligere)
785 2109 890 2173 ipsorum
899 2108 1047 2173 potississrssr
1061 2109 1186 2159 conuenire
1195 2122 1247 2156 ass·

158 2171 300 2226 assertae.
318 2169 458 2221 ‘otliciis.''
504 2174 614 2224 orie-12
631 2173 675 2225 Ad
697 2175 775 2225 verua
792 2180 820 2224 at
837 2173 889 2236 <ius
904 2176 977 2231 ucis,
998 2175 1055 2222 vlde
1074 2174 1136 2223 Not.
1154 2173 1249 2235 Delpb.

156 2234 275 2284 Simulata
290 2236 377 2285 dadin.
408 2237 541 2287 Frriticnm
563 2238 704 2289 divinarem
727 2241 865 2303 legendum
887 2240 958 2288 stant
972 2243 996 2288 rt
1015 2236 1112 2288 dubiis:
1130 2238 1248 2287 ridebam

155 2301 223 2347 eninr
246 2301 321 2350 facile
343 2302 438 2364 aliquid
456 2309 618 2367 corruptum,
637 2303 855 2369 referendomqne
873 2304 905 2353 sd
924 2303 1130 2361 ‘Aurelianum’
1149 2317 1198 2352 nou
1215 2302 1247 2351 ed

155 2365 261 2415 ‘necis'
295 2367 386 2416 Latine
398 2368 465 2416 eninr
477 2368 574 2418 dixisse
586 2371 714 2433 oportuit,
728 2376 758 2421 et
768 2371 832 2421 neeis
844 2384 895 2420 sse
909 2369 1053 2424 minum,
1068 2369 1116 2418 nisi
1133 2369 1245 2418 sotoecis·

154 2444 223 2479 snum
234 2429 320 2481 fecere
332 2433 457 2483 voluerit:
476 2443 534 2496 post
546 2442 632 2484 tamen
644 2436 732 2496 subiit,
742 2437 875 2485 Victorem
886 2432 955 2484 forte
965 2434 1106 2484 destinasse
1122 2449 1189 2483 secer
1200 2448 1246 2482 no·

155 2496 268 2545 minandi
280 2511 349 2552 csso,
363 2512 410 2560 pro
421 2513 478 2558 nex,
493 2498 619 2561 ἀρχαϊκοῖς.
651 2501 726 2553 Quod
745 2502 766 2550 si
783 2514 871 2550 rernm
890 2514 947 2549 esse
964 2499 1117 2563 persnsdeo,
1133 2499 1245 2548 nmstnts

155 2571 226 2611 recte
237 2561 327 2624 babet,
341 2563 530 2628 slgnificatque,
542 2580 659 2629 sparsum
671 2567 743 2632 qussi
753 2565 787 2615 de
798 2575 880 2616 morte
895 2566 963 2616 illius
974 2578 1112 2625 rumorem,
1127 2573 1155 2614 ut
1164 2564 1244 2620 dubii,

652 2692 760 2742 NOTAE

188 2795 199 2829 ¹
218 2787 264 2838 Uti
280 2793 361 2852 suopte
381 2788 499 2838 arbitrata
521 2787 617 2850 Patres]
634 2787 685 2837 Vo·
722 2788 824 2850 vitiam,
845 2789 943 2838 nullum
966 2785 1096 2836 delectum
1117 2799 1249 2850 egnescos

158 2868 221 2929 pise.
238 2871 246 2896 ‘
258 2866 621 2930 Delmperatoredrligando
639 2881 684 2916 ex·
722 2865 880 2927 stcissnecis
893 2864 1119 2914 nomenante.
1151 2862 1251 2913 Notan-

156 2946 254 2993 escilus
276 2944 365 2994 retulit
388 2943 419 2992 sd
443 2953 568 2999 senatum,
588 2943 685 2993 idcirco
724 2944 784 2992 dum
800 2950 900 2992 tanturn
915 2943 980 2991 necis
991 2941 1034 2991 trie
1055 2943 1080 2990 in
1102 2939 1250 3010 nominandi

157 3020 224 3084 qood
238 3020 335 3069 nullnvn
350 3019 382 3069 de
399 3021 438 3069 lits
448 3018 593 3069 faciendam
609 3027 684 3084 pute·
725 3028 797 3080 ceso,
809 3031 856 3081 pro
873 3033 930 3075 ecs,
947 3026 976 3067 ut
996 3026 1097 3067 veteres
1113 3018 1251 3082 loqueban-

157 3096 258 3162 batqnl
278 3104 331 3146 taur
348 3097 441 3147 bonum
460 3096 602 3162 principem
617 3096 684 3146 occi·
725 3101 776 3142 tur.
810 3095 852 3144 De
871 3094 1005 3144 Aureliani
1023 3103 1109 3143 erstem
1126 3108 1192 3144 nece
1210 3095 1251 3144 bic

158 3175 258 3225 derant.
291 3174 388 3223 Vernnr
411 3182 516 3223 senatus
535 3173 601 3222 basse
623 3186 685 3222 can·
725 3170 840 3234 loquitor
860 3171 968 3232 Victor3
985 3171 1054 3235 quod
1075 3170 1134 3220 ideo
1150 3184 1251 3227 rnoneo,

158 3249 399 3301 demdeleetionenr
416 3251 442 3300 tn
461 3249 603 3300 exereitum
615 3248 685 3299 retn-
726 3246 787 3311 quia
801 3245 965 3297 doctissimos
983 3248 1124 3298 Salmasius
1141 3249 1252 3297 danece
1301 3263 1304 3269 ·

158 3328 207 3387 dit,
224 3327 307 3376 sciens
326 3341 376 3376 non
399 3328 510 3377 libenter
522 3327 576 3391 jevn
589 3326 685 3377 milites
726 3324 1208 3390 llonrntilrocpntarltintelligendnm.

158 3404 276 3467 accipere
289 3403 465 3468 Imperatores
481 3418 599 3467 eosquos
613 3417 685 3453 sene·
758 3410 770 3438 ⁸
785 3403 903 3454 Simulata
919 3404 1009 3468 dubiis]
1027 3404 1085 3454 Hoc
1102 3412 1151 3464 est,
1168 3404 1253 3467 sparsi

159 3480 331 3543 tnselegerit.
364 3481 484 3545 Denique
500 3479 617 3529 idtertio
632 3477 686 3530 fec·
726 3492 842 3530 rumores
862 3481 935 3546 qussi
964 3480 998 3530 de
1019 3487 1103 3530 morte
1124 3480 1202 3540 iltius,
1222 3487 1253 3527 nt

159 3566 214 3607 tom
228 3563 277 3612 cst,
296 3556 334 3605 tte
354 3565 384 3606 nt
395 3571 443 3621 per
462 3571 507 3606 sex
523 3571 623 3606 menses
634 3556 686 3605 lnr·
726 3557 830 3619 ‘dnbii,'
847 3557 966 3621 deposita
985 3572 1162 3622 personaque
1181 3565 1252 3621 tege·

159 3640 304 3697 peratorem
314 3634 441 3683 Romanos
452 3634 522 3684 orbis
530 3649 581 3684 non
589 3633 686 3684 trebue-
727 3634 831 3693 bsotnr,
841 3635 961 3695 coanosd
973 3643 1085 3697 possem.

161 3710 214 3760 rit!
758 3709 852 3767 reno,
872 3710 940 3774 qussi
962 3708 1075 3773 Remulo]
1098 3708 1206 3772 vopisc.
1226 3707 1253 3758 in

189 3796 201 3821 ⁸
220 3788 253 3837 Ut
263 3787 313 3849 ries
328 3786 393 3837 neeis
407 3785 554 3851 ararorites]
570 3786 623 3838 Hle
633 3785 686 3836 bia·
726 3787 813 3838 Tacit.
824 3786 917 3837 initio:
933 3786 1027 3839 'Quod
1046 3793 1105 3851 post
1121 3798 1254 3834 eacessnes

160 3875 214 3915 tnvn
236 3865 333 3916 codicis
353 3872 489 3915 notaverat
510 3864 688 3928 Casanbenns,
729 3864 831 3915 liornnli
850 3864 953 3915 novello
970 3863 1053 3914 adbuc
1070 3862 1194 3911 Romane
1205 3861 1255 3912 Ur·

160 3944 203 3993 nbi
216 3944 386 4007 scriptumst
403 3941 454 4002 <iss
462 3972 548 3992 ......
556 3943 621 3992 accis
632 3958 688 3993 ssc-
728 3943 768 3993 bis
780 3942 889 4006 imperio
899 3939 1007 4000 tectum,
1018 3938 1163 4004 pontifices,
1174 3952 1255 4002 penes

160 4021 259 4072 ronna
292 4019 378 4083 Atque
389 4018 439 4084 ipsi
457 4017 596 4070 desidereri
614 4020 686 4071 vide·
728 4035 792 4084 qnos
819 4017 965 4070 scribenda
991 4017 1108 4067 historin
1140 4024 1254 4081 potestas
1353 4072 1359 4077 ,

160 4098 239 4148 bstnr
250 4097 399 4148 vocabalum
411 4111 473 4146 mors
483 4105 528 4146 snt
542 4098 624 4148 simile
639 4097 685 4147 eli·
730 4095 791 4159 tuit,
807 4097 833 4146 in
852 4096 941 4145 literas
953 4094 1108 4155 retulerunt,
1125 4102 1154 4142 nt
1174 4093 1254 4143 inter·

161 4174 214 4221 ud:
242 4174 318 4224 ‘siue
335 4171 404 4236 qno,’
420 4171 516 4234 alebat,
541 4173 611 4224 ‘ruit
629 4181 687 4223 tota
732 4186 848 4236 regnum,
865 4170 925 4220 dura
937 4178 994 4235 post
1007 4169 1099 4219 bonnm
1113 4170 1254 4232 principem

162 4248 300 4313 periodus:
340 4250 436 4299 Verum
455 4249 551 4301 nullom
575 4264 624 4315 ago
645 4250 688 4301 trie
729 4249 810 4300 bonus
829 4247 893 4298 elios
912 4248 1046 4315 queritur,
1067 4246 1183 4301 iniretur.
1203 4246 1254 4337 boc
