3022 5026
202 341 268 407 434
508 353 623 403 snxrr
650 353 809 405 xunnnrr
835 353 1009 420 viennens

205 501 391 588 appellans.
434 498 488 563 11.
510 498 558 565 At
583 496 838 576 Constantinus,
864 499 1004 565 obtento
1027 499 1130 566 totius
1151 499 1313 569 Romani

197 603 345 688 imperii,
362 600 617 667 mirabeliomni
633 599 803 679 felicitate,
816 601 984 682 regimine,
1001 601 1132 668 Fausta
1147 603 1309 689 conjuge,

204 715 241 772 ut
261 714 393 791 putant,
416 713 625 786 suggerente,
649 701 806 785 Crispum
829 703 933 768 filium
956 706 1070 770 necari
1091 707 1201 790 jubet.
1248 708 1309 775 12.

206 809 335 875 Dehinc
349 827 491 872 uxorem
515 826 610 870 suam
628 804 815 870 Faustam⁸
836 806 870 869 in
882 807 1017 872 balneas
1040 809 1196 875 ardentes
1221 831 1309 876 con-

200 913 325 998 jectam
351 911 528 987 interemit,
552 929 630 974 cum
650 929 727 973 eum
750 916 857 973 mater
886 908 1023 977 Helena
1051 911 1167 981 dolore
1195 914 1309 980 nimio

203 1015 341 1098 nopotis
370 1015 562 1097 increparet.
608 1011 662 1077 13.
686 1013 767 1078 Fuit
793 1031 872 1077 uero
901 1013 987 1078 ultra
1013 1034 1117 1097 qnam
1140 1016 1310 1083 aestimari

203 1123 327 1203 potest,
337 1116 450 1181 laudis
466 1115 597 1181 aridus.
642 1115 713 1181 Hic
723 1115 905 1198 Trajannm
920 1115 1053 1181 herbam
1068 1119 1310 1200 parietariamb

204 1223 249 1285 ob
264 1220 380 1285 titulos
394 1218 510 1282 multis
528 1218 658 1282 aedibus
680 1219 874 1303 inscriptos,
891 1220 1063 1302 appellare
1074 1220 1195 1285 solitus
1217 1231 1307 1286 erat.

205 1323 276 1389 Hic
291 1328 427 1406 pontem
448 1321 481 1394 in
497 1321 656 1389 Danubio
671 1321 866 1385 construxit.
911 1323 964 1386 14.
987 1321 1155 1388 Habitum
1174 1324 1307 1406 regium

204 1424 356 1509 gemmis,
372 1432 406 1489 et
421 1430 524 1507 caput
537 1443 706 1493 exornans
721 1424 1100 1507 perpetuodiadenrato.
1144 1425 1307 1493 Commo.-

203 1529 385 1594 dissimus‘
401 1535 512 1592 tamen
527 1529 627 1591 rebus
642 1528 756 1591 multis
773 1525 854 1595 fuit:
878 1527 1066 1593 calumnias
1086 1529 1204 1594 sedare
1220 1530 1305 1612 legi·

204 1633 266 1713 bus
296 1631 540 1710 severissimis3
578 1630 700 1696 nutrire
726 1638 813 1694 artes
841 1630 963 1707 bonas,
990 1630 1162 1713 praecipne
1189 1631 1309 1698 studia

202 1734 396 1814 literarum3
418 1734 530 1813 legere
546 1734 634 1817 ipse,
649 1732 808 1810 scribere,
834 1733 999 1808 meditari,
1023 1734 1138 1799 andire
1160 1733 1305 1816 legatio.

203 1857 274 1914 nes,
299 1845 335 1902 et
358 1838 580 1921 querimonias
606 1835 867 1919 provinciarum.
912 1835 967 1900 15.
999 1834 1164 1919 Cumque,
1186 1835 1306 1901 liberis

202 1940 336 2024 filioque
362 1938 475 2004 fratris
505 1937 675 2004 Dalmatio
706 1936 898 2004 Caesaribos
925 1937 1140 2016 confirmatis,
1169 1946 1238 2003 tres
1267 1947 1307 2004 et

203 2043 377 2126 sexaginta
389 2039 517 2105 arrunsd
534 2042 687 2118 vixisset,
699 2060 743 2107 ex
758 2039 883 2125 quibus
898 2039 1054 2107 dimidios
1069 2043 1130 2123 ita,
1145 2046 1180 2106 nt
1193 2040 1304 2106 trede-

203 2148 268 2212 cim
283 2147 400 2212 solus‘
426 2145 617 2228 imperaret,
636 2144 753 2209 morbo
775 2155 973 2208 consumtus
999 2151 1061 2210 est.
1106 2145 1159 2209 16.
1183 2143 1304 2208 lrrisor

204 2249 436 2331 potiusquam
459 2246 615 2311 blandus.
660 2244 761 2311 Unde
775 2246 959 2334 proverbio?
978 2246 1107 2330 vulgari
1121 2242 1306 2311 Trachala‘

659 2409 844 2433 “contnuo

204 2508 305 2559 Schott.
323 2510 387 2565 Quia
396 2508 426 2558 ab
437 2525 559 2572 regerere
569 2509 694 2560 dim-ll
704 2508 856 2574 ‘idimperir'
868 2510 950 2562 abfuit
959 2526 975 2560 e
983 2507 1081 2573 Cujecii
1091 2505 1222 2557 ert’trnoei
1233 2505 1302 2558 libb.

205 2575 315 2625 Florinc.
332 2575 456 2624 Romania
481 2577 549 2624 mirer
566 2576 687 2635 seiicitate
709 2577 832 2638 scripsit!
847 2576 940 2628 sciere.
973 2576 1048 2625 ‘Nee
1071 2573 1185 2636 agnoscit
1203 2573 1302 2636 irrrperr‘i

204 2639 292 2691 Gneif.
302 2656 348 2703 pro
358 2656 409 2705 qno
417 2645 494 2690 eriam
504 2641 576 2690 Leid.
588 2647 610 2690 l.
619 2641 761 2691 Romania)
770 2639 925 2692 Arnim-12
938 2645 945 2670 ‘
956 2641 1086 2701 Deinceps
1093 2640 1173 2687 dolere
1184 2638 1302 2689 inardere

203 2714 305 2755 mutant
318 2706 400 2754 Aldus
420 2716 448 2754 et
460 2707 559 2770 Gryph.
572 2708 654 2755 minus
667 2717 748 2770 recte,
767 2709 884 2771 qrremris
895 2716 922 2756 er
939 2705 1047 2755 ‘ardor'
1064 2705 1168 2755 dicatur
1185 2704 1219 2753 de
1236 2703 1303 2752 desi·

204 2771 357 2834 derioqnod
370 2786 500 2820 examore
522 2773 614 2821 oritur.
647 2773 733 2823 Vuier.
748 2773 820 2821 Max.
839 2771 883 2822 lib.
896 2785 937 2822 rx.
951 2785 1010 2834 cup.
1024 2776 1063 2821 18.
1081 2785 1125 2820 err·
1143 2779 1198 2818 exi.
1211 2772 1237 2817 ³.
1252 2772 1302 2818 &c

203 2837 332 2952 gundum
349 2839 456 2947 ‘urderJ
469 2838 557 2949 doi'ore
568 2837 575 2857 ’
585 2837 759 2952 diruit‘CicIero‘
768 2852 816 2899 pro
828 2838 920 2950 Mitf·
931 2834 1305 2951 'oded'ff‘fldeitamldnss'

246 2933 254 2949 .
291 2917 434 2951 ornnem-u
466 2917 681 2951 nrnrernreer:
714 2919 747 2953 uu
775 2916 921 2952 anomaer
975 2917 1003 2949 ra
1043 2916 1098 2950 ure
1170 2915 1194 2948 a.
1260 2914 1274 2946 r

202 2967 269 3016 iiber
280 2968 361 3017 mairie
371 2967 461 3015 adibus
471 2966 554 3017 infru!
570 2968 663 3017 Scirott.
697 2968 784 3017 Multis
796 2983 898 3033 quicque
911 2976 1021 3030 uterque
1033 2966 1106 3016 Leid.
1118 2980 1160 3029 ep.
1171 2965 1263 3013 Arata.
1275 2972 1305 3014 et

204 3042 315 3096 urerque
330 3031 418 3082 Grreii.
437 3048 480 3093 ep.
498 3033 570 3082 Harl.
605 3033 697 3096 Itaque
712 3034 792 3083 multis
809 3032 1048 3097 repoenitGroner.
1066 3046 1113 3095 pro
1130 3030 1226 3093 volent.
1243 3031 1304 3079 mei·

203 3102 248 3145 tor.
290 3099 375 3158 Supra
397 3098 491 3145 herdam
513 3098 664 3146 Parietiaam
688 3097 731 3147 ub.
752 3099 865 3147 Curioni
882 3112 923 3156 ap.
947 3098 1035 3146 Vioet.
1057 3105 1085 3145 et
1114 3095 1186 3145 Leid.
1209 3099 1302 3144 2-14

203 3160 299 3217 Sedere,
326 3162 416 3225 legioni
433 3162 589 3211 seuerissimis
608 3165 700 3212 nutrire
719 3164 858 3223 distinguit
877 3162 936 3211 Aid·
977 3163 1040 3211 'l'um
1058 3161 1163 3212 ‘Studia
1181 3161 1255 3208 deest
1276 3159 1302 3208 in

204 3227 359 3284 Veronensi,
377 3229 421 3290 qni
434 3243 492 3277 mox
506 3231 660 3289 pronuntiare
677 3242 723 3286 pro
738 3230 911 3289 prouinciarum
923 3227 1003 3290 legit:
1022 3241 1072 3276 noa
1085 3225 1190 3290 piacet!
1208 3224 1304 3274 Scituri.

203 3292 276 3341 ‘Pro
286 3293 416 3354 legationes
426 3295 561 3356 supposuit
573 3295 663 3354 legator
677 3293 747 3341 Leid.
759 3296 783 3340 2.
801 3308 850 3342 non
862 3294 979 3355 cogitaris
992 3293 1046 3342 irae
1057 3293 1093 3340 ita
1112 3291 1181 3354 poni,
1193 3298 1221 3339 nt
1233 3290 1303 3337 ‘eer-

204 3357 266 3406 vitia
277 3356 283 3376 '
296 3373 342 3420 pro
359 3360 450 3419 servir,
467 3356 662 3406 ‘matrimonia'
675 3373 722 3420 pro
740 3359 863 3408 uxoribus
880 3367 907 3406 et
918 3358 1030 3407 similia!
1046 3357 1199 3406 Atura-ra
1216 3355 1303 3404 Mino·

204 3435 258 3472 reor
268 3423 460 3473 distinctionem
473 3429 532 3489 post
545 3424 660 3473 Tractaia
673 3423 817 3488 ponendam
830 3431 905 3489 putat
921 3423 1013 3473 Arata.
1027 3425 1069 3487 qni
1082 3431 1219 3488 praterea,
1233 3420 1303 3484 quod

696 3554 806 3605 NOTAE

236 3650 244 3686 ¹
271 3651 357 3702 Tinear
377 3651 519 3716 soricesque]
547 3653 624 3704 Quod
646 3653 732 3703 omnia
803 3647 1303 3715 ⁰Commodr'eeimee]Appellatiot'urrrtn

203 3728 352 3792 corrodunt,
363 3727 473 3778 fodent.
771 3740 899 3780 utcontra
910 3734 917 3759 ⁶
928 3727 1124 3788 incommodrre,’
1135 3738 1219 3789 error,
1231 3727 1301 3786 dim

234 3812 247 3839 ⁸
266 3805 445 3857 [lucrementum
457 3806 582 3871 Faucium]
602 3806 670 3856 Vide
681 3807 731 3857 Zo·
772 3809 815 3857 nbi
827 3807 859 3855 de
872 3808 937 3856 meio
950 3807 1074 3870 principa.

203 3880 260 3930 eim.
803 3883 816 3918 ὃ
834 3885 893 3934 Tm
904 3890 927 3933 et
938 3879 1157 3945 menginiuaruree]
1173 3876 1223 3928 Sed
1236 3873 1301 3924 villi

235 3957 248 3994 δ
272 3956 379 4009 Herm
402 3960 570 4024 parietariam]
599 3960 675 4011 Quod
703 3966 731 4011 ut
772 3965 904 4010 annosae.

203 4034 285 4085 herbe
307 4035 357 4086 tua
380 4037 522 4098 parietibus
543 4036 669 4098 adheret,
694 4038 732 4087 ric
803 4038 955 4089 'Tredeeim
972 4037 1046 4100 solue]
1064 4035 1145 4084 Immo
1162 4026 1300 4078 duodecim

202 4111 305 4174 Trajeni
317 4127 409 4162 nomen
421 4112 516 4177 ubique
535 4114 560 4162 in
578 4114 677 4163 oediboe
693 4115 731 4164 in·
771 4122 882 4166 tantum.

202 4189 328 4250 scriptum
348 4191 483 4240 viseretur.
516 4192 586 4243 Vide
605 4191 732 4244 Ammiun.
804 4189 966 4252 ‘mactem
995 4184 1103 4241 Notavit
1125 4183 1218 4237 Fertur
1238 4183 1302 4233 Τη-

203 4263 246 4312 lib.
259 4276 352 4312 uvir.
771 4269 859 4320 chalor
880 4269 933 4318 dici
957 4263 1132 4314 Ariminenses
1156 4261 1300 4313 maritimos
