3022 5026
66 445 69 451 ⁴
174 367 241 433 444
472 379 586 430 anxur
611 377 773 431 eunoun
798 377 976 429 moronis

599 623 711 716 'cae
741 644 858 713 xnv.

436 802 769 860 VALENTINIANUS,
792 800 838 848 ΕΤ
863 800 1019 849 FIRMUS.

222 956 253 1020 1.
276 953 827 1038 Vnuuuu1uranusimperavit¹¹¹
842 971 946 1016 anuos
962 951 1153 1027 duodecim,
1165 948 1288 1015 miuus

177 1057 299 1122 (liebus
311 1063 454 1122 centum.
498 1054 530 1119 2.
555 1054 667 1139 Hujus
683 1060 779 1138 pater
795 1053 980 1119 Gratianus
996 1053 1155 1118 mediocri
1170 1054 1289 1137 stirpe

179 1167 274 1224 ortus
290 1159 382 1243 apud
397 1157 561 1237 cibalas,¹¹
582 1156 747 1221 Fuuarius
763 1157 954 1240 appellatus
970 1163 1037 1232 est,
1051 1175 1091 1220 eo
1108 1155 1203 1238 quod
1220 1174 1285 1219 ve-

180 1261 332 1326 nalitium
358 1260 470 1325 sunem
485 1260 632 1344 portanti
650 1259 797 1341 quinque
823 1257 946 1321 milites
967 1259 1140 1340 nequirent
1162 1266 1285 1322 extor-

181 1383 294 1448 quere.
335 1365 368 1428 3.
390 1362 442 1426 Eo
458 1361 580 1425 merito
595 1361 723 1424 ascitus
737 1360 770 1423 in
784 1359 945 1431 militiam,
956 1379 1065 1443 nsque
1079 1359 1123 1425 nd
1135 1359 1281 1444 preelec-

181 1474 265 1531 turue
294 1466 505 1552 praetorianae
535 1465 718 1547 potentiam
742 1460 956 1526 conscendit:
989 1461 1155 1546 alicujus
1183 1461 1281 1545 apud

181 1569 305 1633 milites
321 1565 653 1640 commendationem,
669 1563 908 1629 Valentiniano
918 1565 1093 1649 imperium
1104 1564 1283 1628 resistenti

179 1672 366 1753 oggeritur.⁰
423 1670 455 1732 4.
479 1667 550 1732 Hic
578 1666 756 1732 Valentem
780 1667 1062 1748 consanguineum
1085 1686 1181 1732 suum
1206 1665 1278 1731 sibi

183 1772 314 1837 socium
328 1773 362 1838 iu
385 1771 525 1854 imperio
553 1769 698 1850 ascivit;
721 1788 762 1834 nc
777 1768 910 1832 demum
926 1766 1122 1835 Gratianum
1143 1767 1279 1848 ultuma

182 1894 247 1940 nec
263 1876 342 1940 dum
362 1875 458 1959 plene
483 1874 650 1957 puberem,
666 1872 797 1936 hortatu
819 1890 937 1936 socrus
953 1877 989 1936 et
1012 1871 1128 1936 uxoris
1141 1869 1278 1952 Augus·

182 1981 252 2042 tum
267 1979 404 2044 creavit.
437 1979 470 2040 5.
484 1976 553 2040 Hic
566 1974 826 2041 Valentinianus
836 1974 901 2039 suit
916 1975 1009 2042 vultu
1024 1974 1156 2052 decens,
1170 1972 1278 2038 solers

182 2078 326 2163 ingenie,
352 2081 462 2145 auimo
487 2079 612 2161 gravis,
633 2098 787 2144 sermone
810 2077 1028 2143 cultissimus.
1072 2075 1276 2160 Quanquam

182 2190 277 2247 esset
297 2181 566 2267 adloquendum
590 2201 726 2265 parcus,
751 2201 899 2260 severus,
919 2181 1108 2257 vehemens,
1133 2178 1277 2243 iniectus

182 2290 296 2346 tauma
310 2283 413 2359 vitiis,
427 2283 641 2364 maximeque
663 2283 837 2361 avaritiae;
860 2281 958 2366 cujus
972 2283 1107 2366 cupitor
1122 2280 1133 2344 i
1136 2300 1197 2364 pse
1211 2277 1278 2346 ruit

182 2403 270 2462 acer,
285 2391 321 2450 ct
333 2383 367 2450 iu
379 2383 446 2464 his,
458 2402 536 2470 quae
549 2391 793 2450 memoraturus
807 2404 892 2464 sum,
903 2385 1075 2451 Hadriano
1085 2382 1275 2468 proximus.

634 2551 650 2572 Ι
653 2551 682 2572 00
686 2550 821 2572 monne

216 2657 283 2707 Can.
300 2670 364 2707 xav.
392 2662 407 2707 s
422 2657 550 2710 Reeirtemi
555 2657 680 2721 aggeritur
692 2656 862 2708 Almschart.
872 2656 970 2708 Gaerb.
981 2654 1176 2720 Delph.l’itiac.
1187 2662 1279 2705 eontra

182 2722 294 2771 Moe-⁵
314 2724 455 2786 Quanquam
465 2726 526 2772 enim
539 2723 597 2773 Aru.
611 2724 714 2773 Sclrott·
726 2724 823 2775 (laceb.
837 2725 932 2786 Delph.
943 2723 1035 2771 Piliae.
1050 2722 1207 2786 ‘Quanquam
1217 2727 1279 2772 emet

181 2789 323 2836 Veranen'r.
335 2797 361 2836 et
375 2789 437 2837 Mae.
449 2790 518 2837 tacit
530 2805 576 2849 pro
588 2797 657 2852 emet,
669 2790 694 2838 lu
707 2789 797 2852 arcibus
808 2799 835 2839 et
846 2789 876 2837 ri
886 2789 1005 2837 mmmm·
1016 2787 1186 2836 desideratur.
1211 2787 1277 2835 Mox

182 2852 284 2911 infertur
295 2853 363 2901 uitiis
375 2853 479 2908 Pirum,
491 2854 591 2917 anacil
604 2855 667 2903 Mes.
679 2863 706 2903 et
718 2855 860 2903 Veronenr.
877 2869 927 2903 nou
947 2855 1045 2916 placet;
1066 2866 1116 2901 nec
1132 2852 1194 2900 illud
1210 2853 1278 2914 cupi·

182 2924 221 2967 tor
232 2933 278 2980 pra
289 2919 393 2981 punitor.
417 2919 483 2968 lnrle
494 2926 635 2969 memoratae
644 2935 695 2968 eum
706 2920 797 2981 scripti
810 2920 865 2969 libri
878 2935 885 2979 ;
900 2920 1028 2982 irrigatam
1041 2926 1127 2967 tameo
1139 2917 1277 2966 lectionem

183 2993 212 3032 ut
224 2983 361 3032 castiorem
375 2982 503 3045 prefero!
517 2984 608 3033 Scltott.
636 2987 787 3046 ‘Quanquam
797 2984 865 3033 lacit
876 2985 908 3032 ad
921 2982 993 3033 Leid.
1006 2987 1029 3035 1.
1058 2983 1206 3047 Quamquam
1216 2988 1277 3031 met

182 3050 214 3096 ad
229 3050 299 3098 Leid.
311 3050 393 3109 alter3
412 3058 439 3097 et
450 3064 587 3113 quamquam
597 3049 660 3098 em‘m
675 3050 743 3098 insit
754 3052 786 3098 ad
795 3048 883 3099 Guell.
911 3049 1056 3112 Quemquam
1065 3054 1125 3097 erret
1141 3047 1277 3098 confirmat

183 3112 289 3163 Paullus
303 3114 440 3169 liiaeoaus,
452 3115 495 3176 qui
513 3114 569 3162 lrac
581 3123 607 3163 et
620 3115 701 3164 mirlta
713 3115 801 3163 iisdem
813 3122 902 3163 narrat
915 3115 1000 3163 verbis
1013 3113 1088 3161 initia
1101 3114 1160 3162 libri
1170 3112 1278 3162 undeci-

182 3179 225 3227 mi.
263 3178 389 3228 Vehemens
410 3179 482 3228 abest
504 3180 538 3228 ab
561 3188 671 3242 utroque
693 3180 767 3230 Leid.
802 3179 854 3228 Pro
874 3179 975 3238 insertare
995 3179 1037 3243 [ut
1058 3178 1158 3229 Schott.
1179 3177 1279 3228 Gneab.

183 3243 279 3304 Delph.
290 3242 393 3306 Piliam]
404 3257 492 3294 omner
505 3258 563 3292 mox
576 3245 667 3307 scripti
675 3244 785 3307 insectare,
794 3245 961 3307 quaeriderur
970 3258 1032 3292 reia
1042 3245 1180 3305 scriptura,
1188 3257 1277 3307 quam·

182 3309 221 3357 vis
233 3309 371 3371 displiceat
382 3310 554 3358 eruditissimo
565 3310 681 3358 schotto.
715 3311 768 3358 Per
779 3312 894 3360 voculam
911 3310 979 3358 enlm
991 3315 1068 3359 tamea
1080 3309 1184 3373 reliquia
1196 3309 1276 3356 virtu·

183 3371 251 3423 tibur
263 3389 325 3438 quar
343 3383 530 3423 memoraverat
547 3373 629 3435 addit,
641 3389 699 3424 eom
716 3372 840 3425 infectum
857 3372 1027 3437 fulciminis,
1043 3383 1071 3422 et
1090 3376 1201 3423 mraxime
1213 3373 1276 3422 vitiu

182 3440 308 3488 avaritia.
342 3439 418 3491 Quod
431 3441 456 3487 in
468 3454 499 3487 eo
512 3439 676 3500 Imperatore
689 3439 794 3489 damnat
808 3440 896 3490 itidem
910 3440 1056 3488 Ammianus
1069 3439 1112 3488 lib.
1125 3435 1277 3488 xxx.e.8.’
1327 3482 1330 3486 .

182 3503 270 3554 aaa.
295 3504 389 3555 ‘Quod
402 3510 478 3552 tamea
490 3503 564 3551 ebert
576 3504 653 3554 codd.
663 3504 749 3554 Guelf.
761 3520 819 3554 cum
832 3506 946 3555 Grriuer.
960 3506 1045 3553 malim
1054 3505 1142 3565 legere
1154 3516 1185 3551 ac
1196 3505 1278 3552 inter·

182 3581 297 3631 pringere
308 3582 377 3617 urm.
389 3570 548 3626 cultissimum
565 3583 695 3632 quanqum
707 3574 766 3619 mel
777 3572 808 3619 ad
819 3571 958 3634 Quadam
969 3583 1068 3634 parcere:
1086 3570 1197 3629 Senem,
1208 3567 1276 3619 uele-

181 3647 255 3690 mear,
265 3634 367 3693 insectare
377 3635 453 3692 uitiis,
463 3632 513 3697 erc)
531 3633 606 3685 Harl.
640 3635 743 3684 Parcitur
759 3651 807 3700 pra
824 3637 927 3700 cupitor,
938 3646 965 3685 er
982 3650 1041 3685 max
1056 3635 1082 3683 ia
1098 3635 1131 3683 lie
1142 3648 1189 3698 pro
1200 3635 1227 3684 la
1237 3634 1276 3683 lie

673 3782 783 3833 NOTAE

213 3885 232 3913 ¹¹¹
249 3876 388 3941 Imperavit]
413 3879 518 3928 Elector
546 3884 587 3927 ert
612 3876 646 3928 Α.
674 3879 708 3927 U.
748 3879 907 3929 Veronensis
923 3877 987 3928 edit.
1004 3878 1136 3941 aggeritur.
1168 3874 1273 3924 Utrum·

181 3957 255 4005 illu.
277 3964 337 4020 port
359 3957 389 4005 C.
409 3960 465 4006 364.
486 3963 600 4004 mortuus
623 3955 655 4004 Α.
673 3955 708 4004 U.
749 3955 914 4020 quebonrrm.

182 4036 254 4081 112⁷.
266 4039 324 4095 post
338 4032 367 4082 C.
378 4037 435 4081 875.
780 4041 793 4075 Ρ
804 4033 937 4082 Ardemum
944 4030 1089 4080 Gratianum
1089 4023 1272 4093 fiir-amnem

214 4116 226 4140 ¹²
244 4109 352 4173 Cibalae]
368 4109 399 4159 ln
416 4109 558 4160 Pannonia.
590 4107 650 4160 Jam
666 4124 707 4159 ru·
749 4107 1079 4174 Augustumproelamavlt
1094 4114 1159 4150 nuno
1177 4110 1273 4166 quarto

182 4196 237 4245 lm·
747 4186 859 4252 imperii.

211 4266 223 4292 ⁰
246 4258 379 4320 oggeritur
406 4259 555 4326 [aggeritur]
586 4263 650 4312 Mae.
674 4270 706 4312 et
