3022 5026
579 374 694 426 suxit
720 375 882 425 Alllllllall
909 376 1082 428 vrcuoltts

723 581 828 649 CAP.
857 584 943 651 Vll.

284 730 502 783 Aaousssururr.
526 725 585 777 Alia
597 741 611 776 e
621 726 695 778 libris
705 727 892 792 pontificalium
904 727 938 780 ds
950 728 1074 794 Hercule,
1086 731 1194 797 ejusque
1205 731 1280 783 boum
1291 747 1383 798 grege,

316 821 344 862 st
355 810 430 861 etde
442 809 549 860 latronis
561 808 634 862 cmi.

325 943 358 1007 1.
381 940 476 1006 Hauc
493 939 634 1005 Cassius
649 939 708 1003 lib.
724 956 748 1004 ι.
784 937 835 1002 At
849 957 928 1003 vero
943 939 978 1005 in
998 940 1093 1007 libris
1107 941 1378 1026 pontificalium‘¹

281 1043 426 1109 truditur
440 1041 625 1119 Hercules,
646 1039 736 1106 Jove
754 1046 856 1125 atque
873 1039 1038 1107 Alcmene
1059 1045 1201 1124 genitus,
1221 1052 1380 1129 superato

280 1145 467 1231 Geryone:
490 1164 593 1226 agens
618 1143 733 1208 nobile
754 1141 963 1223 armentum,‘
983 1147 1128 1230 cupidus
1154 1147 1228 1231 ejus
1249 1149 1379 1231 generis

280 1250 386 1315 bores
409 1249 443 1313 in
466 1245 602 1313 Croecis
628 1247 837 1323 instituendi,
859 1247 944 1313 sorte
964 1248 999 1313 in
1020 1268 1061 1314 ea
1082 1250 1158 1315 loca
1179 1252 1321 1329 venisse,
1346 1257 1380 1316 et

280 1352 436 1417 ubertate
449 1350 564 1436 pabuli
579 1350 775 1428 delectatus,
791 1354 828 1414 ut
847 1369 891 1415 ex
911 1351 1010 1434 longo
1025 1352 1142 1417 itinere
1156 1352 1309 1418 homines
1324 1354 1379 1419 sui

280 1463 317 1519 et
330 1472 455 1538 pecora
474 1451 697 1530 reficerentur,
718 1451 922 1536 aliquamdiu
946 1453 1062 1519 sedem
1080 1455 1128 1520 ibi
1149 1455 1379 1521 constituisse.

280 1557 314 1624 2
337 1555 425 1636 Qum
440 1576 516 1621 cum
529 1556 564 1620 iu
579 1555 678 1634 valle,
694 1556 753 1622 ubi
767 1570 855 1621 nuuc
870 1562 924 1621 est
938 1555 1081 1622 Circus⁸
1103 1556 1287 1636 Maximus,
1299 1576 1378 1639 pas·

282 1667 443 1740 serentur,
457 1659 608 1743 neglectu
622 1658 793 1736 custodia,
810 1658 901 1741 quod
914 1678 1012 1724 nemo
1029 1659 1222 1725 credebatur
1235 1678 1378 1724 ausurus

281 1763 411 1828 violare
428 1762 588 1827 Herculis
602 1760 763 1845 praedum,
774 1760 939 1833 latronem
954 1761 1120 1845 quendam
1135 1762 1281 1846 regionis
1291 1761 1380 1846 ejus·

283 1866 372 1943 dem,
387 1865 612 1948 magnitudine
632 1864 787 1947 corporis
806 1872 841 1928 et
856 1867 978 1930 virtute
994 1865 1112 1932 ceteris
1132 1864 1379 1950 praevalentem,

285 1978 365 2034 octo
378 1969 483 2033 boves
494 1968 528 2031 iu
543 1967 748 2050 speluncam,
760 1985 830 2049 quo
843 1967 955 2031 miuus
968 1966 1090 2032 lurtum
1100 1968 1252 2051 vestigiis
1266 1966 1381 2048 colligi

281 2075 408 2154 posset,
441 2071 562 2133 caudis
593 2069 815 2133 abstraxisse.
857 2068 890 2131 3.
922 2068 1074 2153 Cumque
1103 2068 1181 2134 iude
1208 2068 1378 2133 Hercules

280 2172 507 2256 proficiscens,
522 2170 683 2253 reliquum
700 2175 882 2235 armentum
905 2190 990 2235 cusu
1009 2177 1129 2254 praeler
1148 2172 1287 2236 eandem
1303 2191 1379 2255 spe-

280 2274 413 2339 luucam
433 2278 559 2356 ageret,
576 2271 661 2339 torte
684 2271 830 2357 quodam
845 2273 994 2339 inclusas
1012 2273 1118 2338 boves
1135 2273 1378 2337 transeuntibus

281 2376 483 2460 admugisse,
511 2382 613 2460 atque
640 2376 687 2441 ita
709 2375 832 2440 furtum
856 2376 1045 2442 detectum:
1078 2380 1111 2440 4.
1139 2375 1380 2460 interfectoque

282 2476 387 2556 Caco,
402 2477 606 2553 Euandrum,
620 2498 656 2544 re
675 2487 859 2563 comperta,
878 2478 1005 2564 hospiti
1025 2478 1159 2545 obviam
1174 2478 1290 2556 ivisse,
1305 2497 1379 2560 gra·

281 2588 419 2658 tantem,
435 2581 528 2665 quod
549 2589 644 2647 tanto
661 2581 752 2646 malo
774 2581 857 2647 fines
880 2602 962 2647 suos
977 2583 1169 2662 liberasset3
1192 2588 1378 2665 comperto

281 2703 358 2768 que,
379 2684 500 2768 quibus
520 2686 712 2768 parentibus
736 2690 829 2751 ortus
848 2694 940 2749 esset
961 2684 1139 2762 Hercules,
1154 2704 1223 2750 rem
1246 2686 1305 2764 ita,
1329 2685 1378 2750 uti

280 2791 352 2852 erat
365 2792 470 2870 gestu,
486 2785 529 2859 ud
548 2786 702 2852 Faunum
717 2787 907 2872 pertulisse.
949 2786 1038 2853 Tum
1052 2807 1128 2853 eum
1143 2806 1280 2872 quoque
1296 2787 1378 2852 ami·

280 2890 400 2955 citiam
416 2888 578 2955 Herculis
594 2889 810 2974 cupidissime
823 2891 1009 2975 appetisse.
1055 2888 1167 2969 Quom
1185 2891 1378 2976 opinionem

281 2995 378 3077 sequi
392 2994 513 3058 metuit
526 2996 638 3058 noster
655 2989 782 3058 Maro*

738 3122 888 3147 0100000000
890 3125 920 3145 n

314 3210 381 3261 Car.
394 3224 444 3260 ιιι.
469 3213 485 3258 l
502 3210 642 3260 ‘Sobottus
653 3212 764 3277 conjecit
785 3211 870 3261 notuit
888 3225 936 3274 pro
947 3211 1029 3260 ιιιιιιιίι
1037 3227 1047 3270 ,·
1063 3209 1185 3275 Syiburg.
1200 3212 1266 3275 sequi
1284 3213 1380 3274 meruit,

279 3276 307 3326 b.
317 3291 343 3325 e.
363 3290 414 3326 uon
432 3277 588 3339 dedignatus
599 3286 639 3327 erl
656 3280 741 3341 sequi,
752 3277 856 3341 dignum
874 3276 948 3327 diruit
968 3292 1043 3339 quun
1061 3284 1224 3342 mouentur,
1243 3293 1300 3340 qur·
1317 3293 1379 3329 con·

276 3341 384 3405 iectura
393 3346 434 3391 ert
447 3342 586 3404 ingenioso,
598 3356 741 3407 parumque
752 3343 825 3394 abest
837 3342 871 3392 ab
882 3343 987 3406 iugenio
999 3343 1085 3393 rusculi
1098 3357 1148 3406 quo
1160 3343 1264 3406 scripsit
1279 3353 1380 3407 unctor,

281 3414 310 3456 et
328 3407 362 3456 sb
378 3407 511 3457 literarum
523 3409 618 3469 ductum
635 3409 761 3459 Arutreu.
780 3417 856 3472 putat
872 3408 1000 3458 excidisse
1018 3423 1073 3471 ιιοιι,
1085 3409 1153 3472 quod
1171 3407 1266 3458 fuctum
1284 3411 1378 3473 sepius

280 3478 332 3532 est,
342 3481 369 3522 st
385 3471 521 3534 legendum
535 3472 603 3536 sepsi
613 3488 660 3522 ιιοιι
672 3473 776 3524 netad:
790 3474 923 3523 Gruuerus
941 3488 1016 3538 posse
1033 3475 1122 3539 reponi
1140 3488 1241 3540 quoque
1258 3475 1379 3540 opinatur

280 3536 512 3601 usuquimetss't.’
529 3536 604 3586 liert.
772 3600 880 3653 Nom

311 3699 371 3750 ‘lr
386 3700 454 3750 libris
469 3699 652 3765 metuentium]
679 3700 750 3752 Quos
772 3715 811 3751 se·
850 3709 922 3752 nunt.
955 3701 1133 3767 Apollodlib.
1147 3717 1176 3752 rr·

280 3785 395 3840 qrruutur
405 3778 479 3841 virg.
492 3778 535 3826 lib.
547 3790 611 3825 vsu.
620 3775 697 3827 Ouid.
708 3776 779 3827 Fssr.
791 3790 810 3826 ι.
885 3777 991 3830 ‘Nobile
1002 3779 1147 3843 omentum]
1164 3778 1239 3832 Quod
1251 3774 1299 3850 luit
1308 3779 1376 3828 eolo-

280 3852 396 3904 Ι.ἱν.1ἰῑι.
407 3868 426 3902 ι.
439 3854 540 3918 aliique.
850 3856 885 3905 ris
895 3857 1007 3920 punicei.

313 3929 463 3994 ‘GeryureJ
495 3930 646 3995 Chrysaoris
668 3938 696 3980 et
718 3930 807 3982 Callir·
881 3932 960 3982 svin·
970 3948 1032 3983 nunc
1048 3938 1082 3983 est
1101 3929 1197 3994 Cbers]
1216 3929 1329 3980 Palatini
1341 3930 1376 3980 ls·
1410 3928 1416 3947 '

281 4004 628 4070 rboisliliusfuitCeryoue,
639 4009 716 4057 trium
728 4008 809 4057 bomi-
850 4017 906 4058 tere
920 4009 1089 4062 meridionali,
1101 4006 1168 4068 quod
1181 4006 1312 4055 Aventino
1329 4023 1374 4070 cp·

281 4095 341 4129 uum
363 4096 472 4145 corpore
495 4085 630 4147 preditus.
665 4084 810 4136 liubitsbut
850 4087 1023 4150 positumest.
1056 4081 1332 4144 Noulongea'l'ibori.

280 4154 421 4218 Erytiream
446 4159 564 4219 insulam,
586 4173 637 4208 non
661 4163 751 4223 procul
777 4161 809 4211 rb
883 4161 985 4225 *Sequi
1000 4158 1083 4208 metuit
1101 4163 1180 4207 noster
1190 4158 1274 4224 lituro]
1293 4159 1376 4209 lrnmo

280 4246 389 4294 ocerno,
409 4248 485 4298 quum
510 4248 578 4284 uuue
600 4233 707 4287 usum
728 4238 810 4288 uomi-
849 4238 949 4289 misit:
966 4243 993 4287 et
1010 4238 1048 4285 itu
1062 4235 1165 4286 omuino
1185 4237 1376 4302 legendumne
