3022 5026
439 329 488 377 on
510 326 728 379 consumans
753 330 834 379 cur.
858 331 987 381 xxvrr.
1184 317 1263 389 303.

548 573 655 639 CAP.
684 572 854 639 XXVII.

510 726 735 775 uonnrsrrus
758 726 891 774 aneos.

196 862 229 924 1.
252 859 469 939 lrsnruonn
492 880 552 944 per
572 859 722 927 Africum
747 862 866 926 diebus
891 859 1016 926 milites
1043 859 1246 932 Gordianum

153 963 315 1029 Gordiani
330 963 460 1042 lilium,⁸
474 965 534 1047 qui
553 964 637 1029 sorte
652 962 868 1030 contubernio
885 965 992 1047 patris
1012 973 1246 1048 praetextatns,

153 1085 194 1130 ac
208 1066 366 1151 deinceps
382 1066 561 1150 praelectus
577 1065 761 1149 praetoriob
780 1069 1138 1150 intererat,Augustnm
1155 1088 1249 1134 crea·

151 1188 248 1233 vere:
281 1189 390 1253 neque
412 1190 494 1235 sano
521 1170 647 1234 factum
671 1170 830 1235 nobilitas
854 1177 1045 1254 aspernata.
1088 1169 1119 1234 2:
1144 1173 1273 1237 Doni»

152 1292 218 1356 que
233 1273 346 1337 accito
363 1293 416 1349 eo,
432 1275 519 1338 inter
541 1272 691 1356 implana
706 1271 809 1336 Urbis
826 1279 929 1356 atque
943 1274 1019 1355 ipso
1034 1272 1107 1336 sinn
1123 1282 1246 1356 praeto·

150 1374 209 1438 riae
222 1394 340 1439 manus
357 1375 430 1440 acie
446 1375 589 1441 deletaee
604 1392 664 1458 per
678 1373 898 1457 gladiatorum
914 1373 1072 1450 familias,
1089 1375 1245 1441 tironum·

149 1496 217 1559 que
231 1479 426 1544 exercitum.
470 1478 505 1544 3.
527 1477 618 1542 Dum
633 1477 708 1543 baec
721 1477 842 1543 Romae
857 1477 1115 1559 geruntur,Julii
1131 1477 1246 1544 Maxi·

149 1580 243 1658 mini,
259 1600 344 1664 quos
359 1580 444 1646 forte
459 1601 502 1647 ea
524 1586 724 1665 tempestate
736 1576 906 1645 'l'braciad
928 1581 1105 1659 retinebat,
1121 1600 1243 1665 accep-

148 1681 205 1758 tis,
220 1702 297 1766 qnae
312 1691 497 1762 evenerant,
513 1682 648 1749 ltaliam
662 1702 806 1769 propere
826 1688 953 1767 petunt.
998 1686 1030 1748 4.
1053 1683 1123 1748 Eos
1138 1682 1244 1768 Pupi·

150 1803 237 1848 enus
251 1784 421 1870 Aquileioe
433 1786 629 1851 obsidione·
644 1786 800 1868 confecit,
810 1793 990 1871 postquam
1000 1789 1118 1871 praelio
1134 1788 1244 1853 victos

147 1887 266 1971 reliqui
281 1890 444 1972 paulatim
459 1890 681 1956 desemerant.
725 1891 758 1956 5.
782 1890 915 1955 Horum
930 1891 1071 1975 imperio
1086 1891 1129 1955 ad
1151 1892 1243 1954 bien·

147 1985 261 2054 ninm'
286 2011 349 2076 par
372 1991 564 2078 hujusmodi
585 2011 696 2058 moras
718 2011 824 2057 annus
848 1994 1022 2076 qnaesitus.
1065 1994 1098 2060 6.
1121 1992 1242 2077 Neque

607 2139 794 2162 ΝΝΙΟΙΜΝ

179 2239 246 2290 Cur.
260 2254 354 2292 xxsrr.
388 2247 401 2291 1
419 2239 461 2291 Aa
484 2242 564 2292 verba
585 2242 663 2291 (iord.
684 2241 761 2291 Gerd.
780 2240 839 2290 ride
855 2241 930 2292 Nott.
947 2241 1062 2291 Van-t
1082 2239 1175 2304 Aquilo
1195 2254 1243 2304 pro

150 2303 266 2370 Aquileia
276 2308 377 2358 Sebott·
386 2307 485 2360 Gaesb.
494 2307 591 2373 Delpb.
603 2307 697 2357 Piliae.

638 2435 751 2489 NO'l'AE

177 2542 190 2570 ⁸
206 2535 354 2586 Gmmsm
367 2536 485 2586 Gordiani
495 2534 589 2602 filiam]
606 2536 673 2586 Gor·
713 2532 785 2582 disni
793 2531 954 2583 dictitantes.
968 2530 1036 2582 Vide
1046 2531 1244 2584 Herodiasulib.

144 2609 235 2660 dianus
247 2610 310 2660 duos
321 2613 361 2660 bic
374 2620 474 2662 tantum
490 2614 615 2675 agnoscit,
628 2627 673 2674 pa·
713 2624 766 2660 vn.
782 2611 859 2672 paulo
871 2618 932 2659 ante
944 2608 1030 2658 finem.

145 2695 211 2735 trem
229 2691 258 2736 et
274 2686 372 2747 tilium3
388 2686 600 2751 Gordianumqne
621 2695 673 2736 ter·
745 2693 756 2718 ἒ
766 2685 875 2746 Denique
885 2686 959 2734 accito
971 2699 1006 2746 es,
1017 2685 1080 2733 ister
1090 2684 1193 2747 impluere
1201 2719 1208 2734 .
1217 2717 1242 2736 ..

143 2761 217 2819 tium,
228 2761 360 2811 Gordiano
372 2762 473 2811 scilicet
485 2777 516 2811 es
527 2761 581 2811 filia
594 2777 673 2825 nepo·
712 2760 763 2809 nete
772 2759 867 2822 deleta]
886 2761 925 2810 De
937 2761 1004 2810 bello
1016 2761 1137 2810 intestino
1152 2760 1193 2810 bic
1205 2762 1241 2811 lo·

143 2846 208 2902 tem,
227 2839 419 2901 pretermittltz
437 2839 479 2887 sel
500 2839 586 2901 potius
605 2838 672 2888 Gor·
713 2836 801 2899 quiitur
812 2837 915 2897 Victor,
926 2836 992 2900 qrrod
1005 2846 1065 2899 post
1080 2837 1240 2888 Gordianum

143 2913 214 2963 diani
224 2913 305 2963 lilium
317 2913 390 2986 dicit,
401 2914 445 2978 qui
457 2913 580 2964 Gordiani
592 2928 672 2978 nepos
713 2912 842 2962 Caesarem
864 2910 972 2973 factum,
998 2913 1086 2962 Roma
1113 2915 1240 2977 agitatum
1266 2904 1268 2909 ⁴

142 2988 209 3051 fuit;
225 2992 359 3041 immemor
376 2992 477 3042 scilieet
495 2989 622 3040 Gordiani
642 2989 672 3039 ti-
712 2995 762 3044 est,
778 2987 877 3037 duobus
895 2987 1030 3037 Maximini
1046 2989 1179 3051 militibus,
1195 2991 1240 3054 qul

143 3067 206 3116 liunr
224 3082 276 3117 uus
291 3081 350 3118 cum
366 3074 440 3132 patre
452 3069 477 3116 in
490 3064 579 3116 Africa
592 3063 672 3116 luisse
712 3064 833 3114 audiendi
847 3064 1001 3114 curiosiores
1019 3067 1115 3115 curiam
1130 3067 1240 3130 ingressi

144 3145 268 3195 occisum.
301 3145 368 3194 Vide
381 3142 445 3193 infra
456 3144 482 3193 in
495 3143 608 3206 Epitom.
711 3142 771 3191 dum
789 3152 893 3192 senatus
911 3140 1065 3199 habebatur,
1084 3145 1238 3193 ultraneum

175 3220 187 3255 δ
210 3222 247 3271 Ae
267 3223 376 3286 deinceps
399 3221 524 3285 prefectus
544 3216 670 3283 praemio]
712 3232 814 3282 quinque
833 3218 959 3268 Victoria
987 3227 1196 3282 penetraverant,
1222 3235 1239 3269 a

142 3297 246 3348 Falsum
257 3305 298 3347 eat
308 3297 465 3348 Gordianum
484 3296 588 3347 tertium
603 3308 669 3360 pru·
711 3295 846 3346 Gallicano
856 3303 976 3346 senatore
987 3296 1141 3348 interemtis.
1170 3297 1237 3349 Vide

141 3371 238 3423 sectum
256 3374 379 3436 praetorio
394 3371 483 3430 fuisse,
499 3386 583 3437 neque
599 3371 669 3421 enim
710 3371 852 3422 Herodian.
864 3372 969 3421 libvrr.
981 3372 1007 3420 in
1019 3371 1077 3421 tine.
1160 3410 1167 3429 ,.

141 3463 190 3511 per
210 3455 315 3499 aetutem
336 3455 454 3512 poteram
480 3457 508 3499 et
525 3450 668 3513 scriptores
742 3449 884 3514 dl’lrecs'u]
904 3448 988 3497 immo
1000 3448 1142 3497 Pannonia.

141 3524 210 3575 unde
227 3526 282 3576 bac
294 3526 397 3587 Victor,
413 3528 449 3576 sie
467 3528 550 3591 tangit
563 3527 668 3590 Capito·
741 3527 879 3591 ‘Aquileiae
890 3522 1237 3590 [Apstloe]obsidiose]llqui·

140 3601 188 3650 lin.
224 3601 302 3651 ‘His
326 3600 448 3664 secedit,'
468 3603 562 3668 iuquit,
588 3602 669 3652 ‘alia
709 3602 768 3653 leis.
791 3602 1135 3665 Herodian·cspitolin.&c.
1158 3602 1237 3666 Aqui·

140 3676 293 3742 scriptorum
308 3677 440 3741 imperitis
453 3679 497 3743 qui
512 3678 667 3743 prefectum
708 3681 758 3732 leis
769 3683 830 3732 urbs
843 3696 920 3745 supra
931 3682 1056 3731 Venetos.

140 3754 254 3818 pretorii
266 3752 346 3802 t‘uisse
356 3753 516 3804 Gordianum
532 3757 667 3821 parvulum
740 3757 859 3809 ‘Horum
876 3759 973 3822 imperio
991 3759 1023 3807 nd
1042 3755 1171 3819 biennium]
1189 3756 1237 3806 Ait

139 3831 240 3888 dicunt,
252 3831 431 3894 ignorantibus
445 3834 531 3883 multis
541 3834 608 3884 collo
618 3850 667 3884 sn·
707 3835 816 3900 imperio
823 3834 1033 3890 Maximinorum,
1041 3848 1097 3881 eum
1105 3833 1236 3882 biennium

140 3922 173 3972 pe
184 3917 329 3973 sectum,nt
337 3908 668 3961 militibnsostenderetnr!
708 3913 835 3976 durasset,
854 3925 947 3960 aunum
969 3912 1078 3959 alterum
1097 3912 1235 3959 accessisse

139 3985 223 4037 Immo
233 3993 261 4038 et
271 4002 329 4038 eurn
343 3987 432 4051 etiam,
444 4001 501 4037 eum
513 3988 601 4038 caessr
612 3985 665 4038 fae·
706 4002 755 4053 per
770 3986 916 4050 superiores
934 3986 1067 4048 tumultus,
1086 3993 1113 4034 et
1130 3999 1234 4034 moras:

140 4063 666 4129 tuaest,impusitnrninbnmerosperme·
705 4063 774 4129 qnod
791 4071 819 4112 et
834 4061 915 4110 sensit
927 4061 1037 4124 Eutrop.
1053 4061 1114 4109 dum
1129 4060 1235 4124 scripsit

140 4139 206 4189 diam
218 4143 409 4193 multitudinem
425 4143 521 4192 milites
536 4140 665 4199 terebant.
705 4155 750 4191 eos
764 4142 906 4204 imperasse
918 4140 1030 4189 triennio
1041 4148 1067 4187 et
1080 4140 1168 4201 paucis
1178 4138 1235 4186 die·

138 4223 298 4270 ostentantes
309 4219 388 4285 plebi,
398 4233 429 4271 sc
440 4220 590 4287 nepotulum
597 4219 665 4271 (inr-
706 4218 762 4269 bns.
784 4215 836 4269 Sed
847 4230 862 4267 e
874 4214 950 4267 lastis
961 4221 1065 4268 massar
1076 4215 1232 4267 Maximinos
