3022 5026
439 383 488 430 nc
511 379 731 432 cnsanrnus
754 380 836 431 our.
861 380 977 431 xxix.
1186 365 1252 433 ³07

561 632 667 699 CAP.
698 630 853 698 XXIX.

635 785 781 835 necrus.

205 938 236 1001 l.
259 936 311 1002 Er
326 937 483 1016 Daciae,⁸
498 939 739 1025 Syrmicusium
753 937 831 1004 rico
844 935 856 975 '¹
869 935 1112 1013 ortus,militiae
1128 936 1252 1020 grudu‘

162 1039 204 1105 ad
216 1041 390 1124 imperium
402 1044 660 1127 conspiraverat,
672 1041 846 1124 iaetiorqae
859 1036 1027 1106 hostium‘¹
1042 1038 1139 1116 nece,
1147 1039 1253 1105 filium

162 1142 365 1208 Etruscum⁶
391 1146 535 1223 nomine,
549 1145 721 1211 Gaesarem
743 1143 846 1224 sacit3
870 1143 1050 1227 statimque
1065 1162 1107 1208 eo
1121 1144 1155 1207 in
1175 1141 1253 1226 lily·

162 1247 232 1309 rios
244 1249 432 1331 praemisso,
448 1249 570 1315 Romae
585 1249 795 1332 aliquantum
810 1251 954 1312 moratur
965 1247 1122 1311 moenium
1133 1244 1264 1329 gratia„
1308 1308 1314 1321 ,

163 1370 240 1432 quae
255 1350 410 1431 instituit,
425 1351 695 1418 dedicandorum.
739 1349 771 1414 2.
794 1348 840 1415 Et
859 1350 984 1414 interea
999 1347 1042 1414 ad
1061 1367 1135 1412 eum
1158 1346 1254 1412 Jota·

162 1450 348 1537 piani,‘qui
371 1455 557 1520 Alexandri
580 1462 710 1520 tumens
733 1454 868 1537 stirpe,⁸
891 1471 951 1536 per
968 1451 1099 1538 Syriam
1121 1456 1254 1515 tentans

163 1574 262 1632 nova,
274 1557 416 1623 militum
432 1557 566 1623 arbitrio
581 1557 799 1631 occubuerat,
816 1551 900 1632 ora,¹¹
921 1555 971 1619 uti
986 1573 1058 1617 mos
1071 1560 1134 1630 cst,
1146 1552 1254 1635 iuopi-

163 1664 255 1734 nato,
270 1658 441 1738 seruntur:
456 1660 633 1744 simulque,
648 1679 706 1744 per
727 1678 788 1724 eos
809 1658 880 1722 dics
903 1655 1010 1721 Lucio
1032 1653 1173 1733 Prisco,i
1197 1654 1255 1738 qui

133 1792 139 1803 ·
165 1759 373 1827 Macedonas
398 1761 581 1845 praesidatu
603 1762 748 1845 regebat,
773 1761 883 1827 delata
905 1760 1099 1838 dominatio,
1125 1757 1255 1823 Gotho·

164 1860 261 1926 rum*
277 1882 454 1942 concursu,
468 1873 649 1948 postquam
664 1864 803 1948 direptis
817 1863 971 1928 Thraciae
989 1862 1159 1946 plerisque
1175 1861 1233 1926 illo
1249 1854 1257 1892 ¹

166 1975 396 2049 pervenerant.
439 1967 472 2031 3.
488 1966 569 2047 Qua
580 1987 696 2043 causa,
710 1967 815 2033 Decio
831 1986 928 2050 quam
946 1966 1056 2049 potuit
1067 1965 1256 2030 maturrime

166 2065 278 2133 Roma
292 2070 451 2153 digresso,
460 2070 576 2137 Julius
590 2070 751 2137 Valensm
767 2069 1021 2153 cupientissimo
1036 2069 1136 2151 vulgo
1152 2068 1256 2149 impe·

166 2173 249 2235 rium
267 2174 370 2258 capit.
414 2173 541 2239 Verum
556 2175 686 2258 utrique
699 2193 780 2238 mox
796 2174 890 2250 caesl,
905 2192 981 2238 cum
998 2172 1150 2236 Priscum
1164 2171 1256 2233 nobi·

198 2338 211 2362 ⁸
231 2331 262 2380 Et
273 2332 369 2383 interim
377 2335 410 2383 od
420 2348 472 2384 erm
481 2333 558 2383 ondita
567 2333 679 2399 offertur,
687 2339 715 2383 at
726 2347 775 2381 mor
785 2338 830 2396 eat,
840 2336 910 2395 cupiit
920 2330 1055 2395 Jotepimii,
1066 2331 1109 2394 qui
1123 2322 1259 2378 Alterura·

164 2410 249 2458 gerim
258 2399 402 2463 aperimur,
411 2400 438 2448 ia
449 2399 524 2463 Syrio
533 2399 602 2449 ndu
614 2400 680 2449 nocio
690 2400 794 2456 semem,
805 2413 917 2449 comm
927 2398 1029 2448 militum
1038 2398 1184 2446 maaet.

200 2607 268 2656 Cir.
280 2620 359 2660 xxix.
370 2610 482 2661 averita
492 2611 533 2675 qui
545 2611 617 2661 Alex.
630 2645 654 2661 ..
666 2644 674 2659 .
685 2610 821 2660 aenan
832 2610 857 2659 in
871 2608 941 2658 uncia
954 2606 1061 2657 includit
1074 2607 1163 2657 Arntr.
1179 2614 1187 2635 ‘
1199 2608 1259 2657 Nou

167 2680 224 2720 erut
237 2673 413 2737 inriguicuduc
424 2677 496 2725 locus
515 2677 637 2726 asteriaco
655 2675 667 2698 '
683 2691 733 2731 oro,
751 2679 793 2738 isc.
812 2674 898 2723 omnia
916 2674 1011 2739 quippe
1032 2673 1175 2722 coherent.
1209 2673 1260 2720 Orc

662 2797 768 2848 NOTAE

199 2902 212 2927 ²
229 2894 330 2958 Decitio]
348 2893 381 2943 Α.
393 2895 428 2944 U.
438 2900 511 2946 1⁰02.
523 2903 583 2959 port
595 2895 625 2945 C.
636 2900 694 2946 250.
735 2908 790 2943 runi
799 2892 876 2942 hodic
887 2904 921 2942 rr.
933 2891 991 2941 libri
1001 2890 1200 2951 desiderantum
1217 2892 1261 2942 uhi

201 2970 213 3003 δ
228 2972 399 3036 §prurientium
406 2973 469 3035 eico]
481 2974 647 3037 smirnam,
654 2973 696 3037 vel
734 2971 768 3020 de
784 2971 824 3032 lic,
841 2969 885 3034 qui
905 2976 964 3032 port
975 2967 1135 3019 Gordianum
1155 2968 1260 3017 tertiam

169 3050 259 3098 melina
270 3050 430 3113 suntantea,
448 3049 474 3099 iu
490 3050 634 3106 Pannonii,
650 3049 694 3099 uhi
735 3047 855 3112 nequead
866 3046 1031 3095 Valerianum
1043 3044 1177 3109 imperium
1188 3053 1261 3095 tenu·

167 3126 286 3176 Sirmium
298 3125 367 3175 arbi.
734 3139 788 3174 erc.
821 3125 909 3176 Quare
926 3124 1008 3172 multu
1023 3121 1098 3171 nohis
1111 3125 1150 3171 rel
1163 3124 1261 3186 ignota,

201 3198 424 3264 eMih'tioegroriu]
442 3203 509 3253 Num
520 3201 694 3267 praelectaciu
736 3199 942 3251 reiduhicanut.

169 3278 329 3328 Pannoniam
346 3286 437 3329 contra
452 3281 580 3330 Marinum
594 3280 696 3329 miscui.
766 3275 778 3310 l
798 3275 860 3338 Ora]
878 3275 909 3325 ld
919 3282 968 3331 rat,
979 3282 1068 3340 caput.

170 3355 265 3404 Zoiim.
766 3356 773 3390 ¹
789 3354 864 3404 Lucia
877 3354 970 3419 Prisco]
995 3369 1057 3406 rnre.
1074 3368 1148 3406 cim.
1168 3370 1262 3406 nvcrvc

202 3431 214 3463 i
231 3430 357 3497 Hostium]
377 3432 533 3501 Philippum.
735 3445 856 3484 rnrscva.
869 3447 935 3483 nvo.
947 3435 972 3482 in
984 3434 1109 3483 nummii:
1122 3433 1189 3484 hunc
1202 3433 1264 3482 Phi·

202 3517 213 3542 e
231 3509 368 3572 Etruscum]
386 3509 417 3559 Iu
436 3511 544 3561 nummii
560 3516 587 3561 et
603 3507 694 3571 lapidi·
735 3511 800 3574 lippi
810 3510 979 3572 Imperatoria
988 3509 1095 3560 fratrem
1103 3510 1181 3559 iniere
1190 3518 1264 3573 puto.

170 3587 235 3636 huc:
255 3598 282 3640 a.
293 3599 459 3637 acaunum.
470 3600 616 3637 mansere.
628 3599 694 3636 uae·
736 3602 812 3654 qrrenr
825 3600 840 3634 a
852 3585 973 3650 Philippo
988 3585 1069 3635 fratre
1086 3587 1199 3650 Syriacis
1218 3601 1264 3633 ex·

172 3675 237 3713 arva.
249 3675 353 3713 uucrva.
366 3675 433 3713 iro.
445 3676 532 3713 nucu.
543 3677 609 3713 nvo.
619 3675 643 3713 r.
737 3662 861 3713 ercitibru
872 3659 1024 3726 praetectum
1041 3661 1121 3712 lutrae
1136 3662 1202 3712 dicii
1214 3661 1264 3710 Zo-

205 3738 213 3772 ¹
227 3739 451 3804 complanatione
462 3749 470 3772 ¹
482 3739 640 3804 Pupiauam’
650 3754 696 3793 vo·
736 3741 793 3790 iliu.

172 3829 228 3865 cani
241 3818 336 3866 Zorim.
344 3825 476 3882 corrupte,
488 3825 517 3866 ut
528 3816 625 3881 optimc
636 3818 696 3868 doc·
769 3815 781 3849 ¹
793 3814 936 3880 Gallorum]
949 3815 1001 3867 Qui
1013 3822 1091 3866 antea
1102 3815 1180 3867 (letae
1191 3816 1264 3867 dicti.

173 3893 285 3943 tiarinnu
297 3894 407 3944 Cmaah.
422 3908 533 3959 eumque
548 3908 599 3944 non
612 3895 697 3958 Decii,
737 3895 822 3947 Nolui
834 3907 922 3942 eorum
934 3893 1005 3941 citur.

172 3972 219 4020 aed
240 3971 417 4035 Philipporum
440 3979 557 4035 tempore
578 3971 696 4037 Impera·
775 3969 853 4032 ¹ltto]
871 3971 901 4020 ln
917 3968 1105 4021 Macedoniarn.

172 4056 255 4096 torem
264 4045 360 4097 facium
372 4046 471 4098 irrihit.
769 4055 786 4081 ¹·
797 4049 879 4098 Julius
892 4047 989 4111 Veteris]
1001 4046 1187 4113 Dehocucqne
1195 4048 1263 4113 apud

206 4131 218 4166 ⁸
234 4123 368 4175 Alexandri
378 4131 468 4184 tunm
477 4123 566 4188 κῦφι]
581 4123 696 4175 Nondu·
738 4125 856 4180 Grecos,
873 4139 958 4190 neque
973 4124 1042 4188 apud
1063 4126 1169 4177 Latino·
1184 4127 1263 4178 hiato·

175 4197 243 4247 bium
261 4210 311 4262 eit,
326 4202 386 4266 quin
408 4201 450 4251 hic
472 4204 550 4250 etiam
572 4199 697 4251 illatori·
739 4202 1089 4269 ricoaquicqucmrepcriar.

174 4276 698 4343 Scriptorervictortrinacriprerihquc-
