3022 5026
279 335 322 401 18
639 389 642 393 .
747 352 942 402 runicus¹
1082 361 1085 368 ·

278 502 425 566 omnium
453 501 595 565 diversis
622 507 784 582 repugnat
812 508 935 564 nostrae
964 499 1133 565 memoriae
1160 495 1369 585 proclamans

276 604 414 670 historia
437 603 593 678 Liviana,
615 621 692 684 qum
716 609 866 678 testatur,
886 602 979 688 quod
1004 605 1178 687 auspicato
1202 603 1369 670 Romulus

275 727 320 772 ex
336 726 399 773 suo
414 707 547 770 nomine
564 703 709 769 Romam
721 705 875 770 vocavit!
912 706 958 770 Et
972 725 1032 790 pro
1047 705 1223 771 Cornelio:
1245 707 1370 786 ‘Sunt'

276 811 397 894 inquit,
412 814 543 874 ‘temen
566 809 625 894 qni
645 807 783 872 eundem
805 809 897 873 illurn
915 809 1055 874 duorum
1070 829 1252 886 numerum,
1268 829 1368 894 quem

274 911 404 986 Oicero,
421 919 557 996 ponant.
602 911 692 975 luter
713 931 800 995 quos
821 911 1012 976 Tuditanus
1031 919 1065 976 et
1085 912 1291 996 Pomponius
1305 909 1368 978 ltr-

275 1013 377 1090 ticns,
394 1013 577 1096 Liuiusque
591 1011 722 1078 noster!
757 1013 843 1077 Tum
858 1015 959 1078 etiam
976 1015 1066 1099 quod
1082 1017 1115 1080 in
1129 1016 1196 1080 boc
1210 1023 1220 1051 ‘
1232 1014 1274 1079 de
1290 1014 1368 1080 Ori·

273 1117 361 1201 gine,
377 1117 657 1200 Principibusque
677 1114 786 1180 Rom!
800 1116 927 1195 libello,
942 1117 1222 1201 quemadmodum
1237 1126 1273 1182 et
1286 1116 1367 1195 illis,

272 1242 348 1307 qum
371 1228 559 1305 supersunt,
574 1219 609 1282 in
631 1218 826 1283 Ciceronem
846 1218 1038 1302 fragmentis
1051 1218 1236 1304 frequenter
1250 1222 1366 1288 admo·

272 1325 351 1388 (lum
374 1322 509 1405 Virgilii
529 1320 730 1385 testimoniis
751 1321 852 1385 utitur
871 1341 946 1386 cum
968 1321 1050 1405 quid
1074 1323 1204 1396 astruit,
1220 1328 1254 1386 et
1276 1329 1366 1390 ntro-

270 1426 372 1511 bique
387 1444 619 1509 nonnunquam
634 1429 783 1487 nostrum
798 1424 960 1508 appellat.
1005 1423 1084 1488 Fuit
1097 1425 1184 1488 enim
1199 1422 1366 1493 Asconius

269 1529 354 1593 adeo
369 1527 502 1611 Virgilii
522 1525 708 1603 studiosus,
722 1532 760 1591 ut
781 1525 898 1591 librum
919 1533 1034 1592 contra
1049 1526 1182 1609 Virgilii
1197 1529 1364 1594 obtrecta-

270 1639 369 1710 tores,
391 1629 676 1716 quemadmodum
700 1628 733 1691 in
756 1628 826 1692 vits
846 1629 998 1713 ejusdem
1020 1628 1153 1711 Virgilii
1174 1629 1245 1695 Tit.
1263 1629 1364 1698 Oleu-

268 1733 346 1799 dius
368 1734 523 1800 Donatus
544 1730 648 1807 affert,
663 1729 815 1795 ediderit.
860 1731 951 1797 Nam
971 1731 1150 1797 Octavium
1163 1731 1305 1798 Avitum
1327 1741 1364 1800 et

267 1836 438 1903 Poetilium
459 1836 657 1901 Faustinum
677 1834 766 1899 sorta
780 1832 927 1917 Virgilii,
944 1836 1031 1901 unde
1047 1835 1204 1901 videlicet
1218 1854 1362 1920 quaeque

267 1940 416 2005 carmina
438 1940 685 2022 surriperentur,
703 1945 851 2014 notasse,
866 1937 1004 2004 Servius
1026 1939 1132 2004 refert.
1175 1936 1363 2006 Asconinm

266 2042 383 2125 itaque
406 2040 552 2105 Neronis
574 2050 723 2124 tempore
745 2041 873 2105 vixisse
894 2042 1060 2107 Eusebius
1081 2043 1150 2122 ait3
1173 2043 1274 2126 eique
1295 2043 1361 2108 Fa·

266 2145 343 2209 bius
363 2144 494 2208 Latinas
508 2143 633 2225 lingum
648 2143 775 2207 cultum
790 2146 1065 2211 etauctoritatem
1079 2145 1238 2209 attribuit.
1290 2145 1362 2210 Pli-

265 2249 340 2312 nius
360 2266 437 2311 vero
455 2248 540 2311 inter
559 2257 714 2311 auctores
733 2266 812 2310 suos
827 2266 902 2311 enm
918 2257 1098 2312 enumerat.
1142 2247 1291 2311 AEtatom
1315 2247 1359 2312 ad

264 2368 386 2415 sunum
410 2351 650 2432 octogesimum
678 2350 831 2432 quintum
851 2350 1020 2434 perduxit,
1042 2350 1129 2415 adeo
1154 2358 1190 2415 ut
1212 2349 1358 2433 Virgilio

263 2459 366 2518 notus
385 2472 461 2517 esse
479 2452 626 2535 potnerit
646 2459 679 2516 et
700 2452 811 2517 Livio.
855 2450 944 2530 Quae
966 2473 1041 2517 cum
1062 2455 1109 2518 ita
1123 2453 1202 2528 sint,
1216 2453 1269 2517 bis
1289 2454 1359 2518 sere

264 2556 463 2640 conjecturis
488 2554 646 2639 quinque,
670 2575 754 2639 quas
775 2556 966 2620 summatim
988 2564 1116 2639 repeto,
1139 2556 1301 2633 adducor,
1319 2564 1358 2622 ut

263 2668 433 2725 auctorem
446 2658 546 2742 bujus
556 2657 632 2722 libri
642 2658 698 2722 ‘de
708 2656 802 2723 Viris
816 2657 1024 2724 illustribus'
1034 2668 1069 2724 et
1079 2665 1087 2695 ⁴
1097 2657 1230 2742 Origine
1240 2657 1358 2724 Urbis’

264 2760 451 2827 Asconium
470 2761 605 2825 faciam.
650 2760 761 2826 Primo
777 2764 858 2847 quia
872 2762 935 2826 sub
951 2761 1080 2826 initium
1094 2762 1220 2845 capitis
1236 2779 1260 2826 ι.
1275 2782 1355 2828 auc·

262 2874 316 2930 tor
335 2866 411 2930 libri
433 2864 548 2929 scribit
565 2864 601 2928 in
620 2864 694 2928 baec
715 2865 837 2930 verba:
865 2865 1008 2945 ‘Quare
1031 2871 1141 2930 autem
1162 2864 1291 2930 addidit
1306 2876 1357 2930 tu·

262 2967 326 3031 tus’
340 2968 400 3052 (do
417 2966 559 3049 Virgilio
579 2963 744 3051 loquitur)
766 2973 851 3030 ‘suo
871 2969 947 3033 loco
970 2969 1161 3051 plenissime
1181 2967 1357 3033 adnotavi-

260 3092 337 3136 mus
356 3072 389 3135 in
408 3071 695 3148 commentatione,
710 3090 811 3153 qnam
828 3072 1037 3155 occoepimns
1052 3070 1208 3146 scribere,
1222 3073 1356 3154 cognita

260 3193 304 3239 ex
325 3196 367 3240 eo
388 3173 472 3239 libro
490 3170 551 3257 'qui
575 3174 757 3258 inscriptus
779 3183 845 3253 est,
860 3174 902 3240 de
916 3173 1053 3258 Origine
1067 3172 1254 3238 Patavina!
1298 3173 1355 3241 Ito

260 3297 334 3346 corn
354 3297 429 3341 enm
450 3277 571 3342 librum
585 3277 649 3341 ‘de
669 3275 805 3361 Origine
825 3275 1009 3343 Patavine’
1031 3278 1215 3360 scripserit,
1231 3280 1354 3362 potnit,

259 3387 293 3444 et
306 3381 387 3444 dnm
399 3400 475 3443 num
491 3381 663 3458 scriberet,
677 3402 744 3447 una
759 3382 904 3447 scribere
919 3382 983 3447 ‘de
999 3379 1131 3463 Origine
1146 3379 1267 3445 Gentis
1284 3381 1355 3448 Ro-

258 3480 386 3547 menae’
406 3481 496 3565 quod
512 3483 556 3547 sit
575 3501 680 3567 prope
694 3482 844 3567 ejusdem
861 3485 1059 3567 argumenti.
1103 3482 1229 3548 Saltem
1244 3481 1353 3551 affinis

257 3595 396 3670 propter
415 3585 603 3661 AEneam,a
626 3605 693 3669 quo
713 3587 792 3650 urbs
813 3587 941 3651 initium
960 3586 1060 3651 (luxit
1079 3606 1189 3663 suurn,
1207 3585 1260 3650 rel
1282 3603 1352 3649 non

257 3688 432 3754 dissimilis
457 3686 602 3771 quidem.
646 3687 701 3753 De
727 3687 891 3754 Patavina
914 3707 994 3753 vero
1017 3690 1143 3771 origine
1165 3684 1351 3752 Asconium

133 3802 136 3807 ’
256 3792 380 3875 potius,
395 3808 497 3876 qnam
518 3789 621 3853 alium
642 3790 807 3873 quemvis,
822 3791 1000 3874 scripsisse
1012 3791 1090 3856 ideo
1104 3791 1142 3854 lit
1157 3788 1351 3868 verisimile,

256 3896 338 3978 quia
360 3893 544 3959 Patarinus
563 3899 665 3970 esset,
682 3912 751 3977 qno
770 3912 842 3959 sum
856 3895 964 3975 gentis
978 3892 1148 3959 historiam
1163 3889 1349 3968 illustrans,

255 4005 383 4078 gratum
399 3997 443 4060 iis
456 3996 595 4063 iaceret.
634 3995 681 4061 At
695 3996 725 4060 si
741 3992 913 4061 Asconius
927 3996 999 4080 ejus
1014 4007 1023 4032 ⁴
1036 3994 1078 4058 de
1094 3990 1230 4074 Origine
1246 3993 1348 4061 Para-

255 4095 353 4162 vina'
375 4098 450 4162 libri
471 4103 523 4161 est
545 4108 673 4176 auctor,
686 4099 912 4164 necessarium
932 4105 983 4162 est
996 4094 1092 4161 lateri
1106 4112 1151 4158 ex
1165 4093 1217 4160 his
1233 4097 1349 4178 proxi·

255 4200 321 4264 mis
344 4199 574 4282 superioribus
601 4201 714 4265 serbis
740 4221 817 4266 eum
840 4200 940 4284 hujus
964 4204 1138 4265 auctorem
1163 4217 1240 4264 asse
1260 4198 1348 4266 libri.
