3022 5026
292 347 358 416 888
590 362 703 413 snxrr
729 361 890 410 sunnon
916 359 1090 409 vrcronrs

294 510 454 590 Quicum
479 507 523 574 ad
544 506 789 593 explorandum
812 503 1151 592 annuntiandumque,
1165 504 1225 590 qui
1246 504 1329 571 sorte
1351 503 1387 570 in

292 611 475 697 provinciis
490 616 602 674 motus
612 610 806 687 existerent,
821 609 963 674 instituti
979 609 1177 686 viderentur,
1188 608 1388 694 compositis

292 716 418 782 nefarie
443 715 742 793 criminationibus,
767 714 891 798 injecto
921 713 1050 795 passim
1079 718 1183 786 metu,
1213 712 1385 796 praecipue

292 817 519 883 remotissimo
530 817 661 899 cuique,
677 816 894 882 cunctasoede
904 814 1119 898 diripiebantt
1142 814 1242 879 simul
1255 832 1388 879 annona

293 918 406 998 Urbis,
416 938 457 985 ac
470 919 784 1003 stipendiariorum'
800 920 891 984 salus
907 918 1008 983 anxie
1023 918 1219 999 soliciteque
1233 913 1391 999 habita;‘

292 1020 583 1104 honestiornmqne
606 1030 776 1106 provectu,
790 1028 823 1087 et
845 1042 864 1086 e
886 1029 1011 1096 contra,
1033 1021 1209 1104 suppliciis
1231 1020 1387 1102 flagitiosi

293 1123 468 1210 cujusque,
484 1124 640 1189 virtutum
656 1123 769 1189 studia
784 1126 1002 1207 augebantur.
1044 1121 1239 1188 Veterrimae
1255 1124 1386 1205 religio·

291 1247 353 1292 nes
368 1227 557 1292 castissime
571 1235 711 1292 curatae.
756 1227 809 1292 Ac
824 1229 941 1292 mirum
956 1227 992 1290 in
1006 1226 1139 1290 modurn
1149 1227 1243 1291 novis
1254 1226 1387 1292 adhue‘

292 1329 459 1413 cultisque
472 1329 639 1394 moenibus
657 1328 812 1394 Romana
826 1329 974 1393 culmina
991 1335 1025 1392 et
1040 1335 1159 1393 ceterae
1174 1329 1272 1392 urbes
1288 1347 1387 1394 orna·

256 1474 264 1499 ι
294 1440 353 1510 tue,
366 1431 512 1495 maxime
532 1430 712 1514 Carthagm'
730 1430 969 1508 Mediolanum,
986 1429 1197 1495 Nicomedia.
1240 1431 1294 1494 46.
1315 1429 1387 1496 Ne-

294 1552 360 1616 que
375 1539 487 1598 tumen
502 1552 576 1597 cum
599 1533 673 1598 hoec
688 1543 834 1615 agerent,
850 1538 948 1599 extra
960 1534 1046 1597 vitia
1062 1533 1203 1599 fuerunt.
1248 1532 1387 1618 Quippe

294 1633 478 1700 Herculius
492 1634 629 1700 libidine
643 1640 736 1700 tanta
750 1637 921 1718 agebatur,
933 1642 970 1700 ut
983 1632 1023 1700 ne
1039 1638 1082 1701 ab
1097 1632 1253 1714 obsidum
1268 1655 1387 1721 corpo·

292 1737 383 1803 ribus
405 1738 542 1822 quidem
565 1739 665 1802 animi
688 1739 797 1803 labem
820 1740 1061 1822 comprimeret.
1101 1730 1243 1805 leerio
1265 1757 1385 1824 parurn

292 1841 433 1907 honesta
454 1841 487 1905 in
511 1828 637 1906 amicos
666 1841 751 1906 fides
776 1840 863 1919 ¹erat,
886 1841 1131 1908 discordiarum
1161 1863 1243 1908 sane
1273 1849 1385 1924 metu3

293 1944 371 2009 dum
393 1941 700 2009 enuntiationibus¹¹
721 1963 827 2027 posse
844 1943 964 2025 agitari
986 1946 1130 2029 quietem
1146 1945 1307 2011 consortii
1323 1965 1384 2030 pu-

292 2051 355 2111 tat.
397 2046 453 2110 tr.
477 2045 569 2110 Hinc
591 2047 692 2111 etiam
716 2046 814 2129 quasi
836 2051 999 2134 truncatae
1023 2048 1112 2122 vires
1135 2047 1250 2126 Urbis,
1277 2048 1386 2112 immi·

294 2155 373 2214 nuto
387 2149 617 2233 praetoriarum
633 2147 816 2214 cohortium
832 2144 934 2230 atque
948 2149 981 2212 in
997 2150 1098 2215 armis
1111 2147 1388 2237 vulgi‘nnmero;¹

294 2247 388 2335 quok
403 2250 537 2335 quidem
556 2252 666 2335 plures
680 2252 794 2316 volunt
807 2251 982 2335 imperium
996 2249 1174 2337 posuisse.¹
1209 2253 1262 2318 ts.
1278 2252 1313 2318 N
1315 2274 1385 2319 am-

750 2414 930 2437 ΝΟΜΟΜΝ

293 2512 541 2577 obrenreepparet.'
557 2512 710 2564 Arata-⁴5
731 2515 861 2578 Qaifcrte.
878 2515 970 2579 ‘Ecqui
982 2514 1051 2577 forte
1065 2513 1169 2577 scripsit
1177 2514 1276 2566 Victor.
1309 2516 1386 2567 Meu·

293 2581 358 2631 dore
370 2581 396 2629 in
410 2587 463 2629 ret.
473 2580 517 2628 lib.
529 2579 579 2628 bae
589 2579 648 2642 qui!
664 2581 766 2630 senon.
800 2581 864 2630 Mox
876 2580 1010 2633 distinctio
1026 2595 1119 2630 uram
1133 2581 1215 2637 Urbis,
1231 2597 1259 2631 uc
1275 2582 1333 2645 stip.
1350 2598 1385 2632 ex

294 2644 623 2709 emendationesylburgii.
654 2643 1254 2710 nentesetrouaerultramontanae.
1287 2648 1385 2712 Delpb.

293 2727 395 2767 macac,
409 2711 491 2774 veta,
502 2726 529 2759 cr
540 2711 597 2772 stip.
630 2710 693 2759 Mox
711 2702 807 2761 ‘Novis
821 2713 898 2762 adduc
914 2713 1015 2776 ultirqroe
1033 2711 1119 2762 laudet
1132 2713 1230 2775 Spaub.
1243 2713 1275 2762 ed
1288 2713 1384 2764 Julian.

196 2802 203 2817 Ι
295 2777 373 2826 Orat.
384 2790 402 2825 ι.
413 2792 439 2840 p.
451 2780 491 2825 bl.
508 2776 619 2824 torturae
629 2776 721 2825 calenti
734 2777 808 2837 vitio,
819 2778 946 2827 nonenim
959 2779 1084 2828 rationem
1097 2776 1180 2839 addit,
1195 2792 1278 2843 neque
1289 2791 1319 2826 ee
1331 2795 1385 2828 nru-

295 2843 360 2893 tttio
370 2855 526 2905 magnopere
536 2843 637 2890 ridetur
650 2842 764 2905 requiri)
780 2844 867 2892 Arare.
901 2845 969 2893 Vide
982 2843 1043 2894 Not.
1057 2842 1214 2907 verpa-tr
1231 2844 1343 2904 ‘Vulgus
1358 2847 1385 2894 is

293 2908 419 2956 emisset
434 2907 441 2933 ‘
452 2908 541 2965 rulant
553 2916 664 2955 nrrnatur
675 2908 725 2967 ;'et
736 2908 761 2956 h.
769 2908 785 2957 l.
797 2908 908 2970 intelligi
920 2918 1027 2972 possunt
1038 2909 1277 2965 eohortesurbauae,
1286 2924 1344 2973 que
1353 2924 1385 2958 eo

295 2981 414 3036 ternpore
425 2987 457 3037 ex
472 2975 547 3035 vulgo
559 2983 649 3020 sumre
663 2973 790 3022 videntur.
824 2973 899 3022 Hauc
911 2974 1015 3038 quidem
1022 2974 1118 3036 Cuperi
1131 2975 1384 3037 interpretationem,

294 3037 370 3101 (licet
383 3051 432 3085 non
443 3052 530 3086 ornnes
540 3047 648 3096 superet
658 3039 801 3100 scrupulos.
812 3053 963 3099 omnemque
973 3041 1048 3088 tollat
1060 3039 1267 3104 obscuritatem)
1280 3039 1312 3088 td
1320 3040 1386 3089 Lae·

294 3104 400 3153 tent0de
413 3105 493 3154 Mort.
505 3105 610 3153 Perseo.
623 3118 646 3152 c.
657 3104 811 3152 anellum
824 3112 850 3153 et
861 3105 893 3154 ab
902 3104 1051 3158 Arutzenic.
1062 3119 1208 3169 quiunquam
1221 3119 1269 3154 non
1279 3107 1384 3154 omnino

294 3169 483 3227 consentiente,
494 3178 621 3232 ornatam,
629 3169 705 3218 elteri
717 3169 876 3233 conjecture
887 3171 985 3221 inermis
994 3169 1123 3234 [Sobottl]
1135 3169 1263 3235 praefero!
1275 3171 1384 3220 Harl.-

783 3300 896 3352 NOTAE

294 3398 479 3449 nominabant!
506 3398 547 3447 De
561 3396 718 3461 ‘agentibus
735 3397 760 3448 in
778 3412 817 3448 re·
859 3406 908 3458 τις
921 3397 1034 3460 thermis,
1040 3397 1150 3455 scilicet,
1160 3400 1201 3448 rel
1213 3399 1270 3450 allis
1281 3401 1385 3466 quibus·

293 3474 360 3538 lrus,'
372 3475 429 3524 virle
437 3475 643 3538 jurisconsultos.
858 3479 922 3530 libet
937 3482 1075 3543 operiborr
1091 3479 1123 3532 ad
1140 3482 1189 3530 boc
1206 3482 1280 3531 norit
1297 3481 1388 3533 cultio·

325 3551 577 3616 ‘Stiprndturr'orunj
598 3553 692 3603 Eorum
709 3552 753 3617 qul
771 3551 819 3603 rtl·
859 3557 1055 3620 quernrenibnr.
1407 3603 1414 3618 ‚

294 3631 391 3697 pendia
402 3631 496 3680 tribute
509 3631 664 3693 pendebant.
890 3629 903 3666 l
918 3632 1140 3696 Erartictiorribm]
1157 3633 1210 3684 Por
1220 3637 1261 3685 der
1270 3641 1387 3699 repperti.

330 3704 429 3756 ‘Anxie
444 3705 577 3769 ”liciteque
589 3706 681 3770 bobilo]
699 3706 757 3757 Hoc
769 3713 818 3765 ert,
893 3709 986 3773 ¹Atqtre
995 3710 1100 3759 r'rturrrrt'r
1108 3711 1174 3771 urst
1182 3710 1288 3774 unm]
1305 3710 1386 3771 large·

292 3783 375 3834 multe
384 3798 441 3832 cunr
455 3799 516 3832 cure
529 3791 655 3833 tractate:
676 3798 722 3847 per
733 3783 818 3848 Impe-
860 3785 905 3836 bat
917 3787 1019 3835 Schott.
1030 3787 1109 3851 Atque
1119 3787 1216 3836 irensis
1226 3784 1294 3846 calgi
1304 3799 1384 3833 nurne-

293 3868 406 3913 ntorum
418 3860 519 3910 seilicet
533 3861 693 3910 modestiam.
859 3877 898 3911 ro:
916 3862 962 3911 sed
981 3869 1116 3927 utrumque
1132 3862 1191 3912 milrl
1210 3861 1322 3924 ignotum
1335 3869 1386 3924 est,

325 3946 338 3983 t
354 3937 392 3987 Ac
408 3938 494 3987 mirum
507 3938 533 3986 irr
551 3940 643 3987 modum
656 3938 722 3987 rrorr‘r
731 3936 820 4000 adbuc]
859 3952 943 3999 neque
956 3952 1058 4000 pourun
1069 3941 1186 4002 cogitare
1195 3948 1269 4001 qaum
1282 3934 1322 3984 bic
1333 3936 1385 3985 lrir·

293 4015 448 4077 Distingno:
473 4015 533 4065 ‘Ac
553 4018 643 4064 mirurn
664 4017 689 4065 in
708 4017 821 4076 modurn,
860 4018 950 4066 toriern
964 4026 1052 4077 tanget
1065 4016 1165 4064 Victor.

293 4091 366 4139 norit
381 4090 465 4142 adbuc
484 4093 611 4156 cultisque
624 4093 754 4147 rutenibru,
769 4091 818 4140 Ro·
891 4091 903 4125 ¹¹
922 4093 986 4156 Quo]
1002 4091 1032 4141 ld
1044 4092 1094 4148 ert,
1106 4090 1113 4115 ⁴
1126 4085 1221 4151 quare?

293 4179 369 4215 mena
391 4168 523 4228 culmine‚'
542 4173 592 4219 dcc.
638 4169 760 4230 Romane,
779 4170 817 4218 in·
890 4168 1042 4233 ¹lrnperr'rrer
1055 4162 1171 4231 poemen]
1191 4164 1384 4219 Diocletianum

293 4240 360 4309 quit,
377 4244 503 4304 culmine;
521 4245 569 4294 lroe
586 4251 633 4308 ert,
650 4246 732 4296 Boura
749 4255 818 4296 cete·
858 4248 966 4298 scilicet.

293 4329 379 4382 meque
391 4316 467 4368 nrbes
484 4320 576 4370 miram
591 4322 617 4371 iu
633 4321 735 4373 modum
745 4334 819 4373 orne·
