3022 5026
407 363 456 412 nn
479 362 603 412 snxro
627 360 801 414 suasero
828 367 1003 416 vrcrona.
1196 351 1246 418 21

148 503 330 570 familiares
353 507 502 571 amicitia
523 528 600 571 cum
622 507 665 573 iis
688 516 872 590 contracta,
892 518 927 576 et
949 521 1245 598 contemporaneos

147 609 250 672 fuisse
271 610 353 673 satis
370 609 515 677 indicet:
538 620 732 676 nouantem
749 613 893 679 Nostros
908 634 965 679 eos
981 615 1102 681 dixerit
1116 618 1246 682 ratione

147 713 390 777 communionis
407 713 601 791 studiorum,
613 715 666 780 vel
679 716 764 779 alias
778 717 903 781 amoris
915 737 983 801 quo
998 738 1057 783 eos
1072 738 1136 784 non
1151 720 1244 785 visos

145 814 434 896 complecteretur.

541 1038 829 1050 w-

395 1247 662 1316 ANDREAS
701 1250 988 1317 SCHOTTUS

232 1436 281 1486 DE
297 1433 530 1486 AUCTORIBUS
547 1436 723 1488 ANTIQUIS
741 1435 914 1487 VIRORUM
937 1437 1167 1487 lLLUSTRIUM·
1255 1491 1257 1494 .

184 1618 302 1682 Lrun'r
317 1618 462 1684 illustres
478 1618 613 1703 aliquot
625 1620 667 1683 de
682 1621 761 1683 viris
783 1619 873 1683 domi
890 1620 1087 1703 militiaeque
1101 1620 1241 1684 illustri-

141 1723 205 1787 bus
220 1721 409 1805 scriptores,
424 1741 511 1804 quos
523 1721 643 1785 Victor
655 1719 837 1784 imitandos
849 1723 1037 1804 proposuit,
1051 1740 1241 1802 recensere;

142 1842 202 1887 eos
218 1824 432 1905 potissimum
448 1842 588 1906 querunt
604 1823 681 1886 libri
696 1821 947 1886 interciderunt.
992 1822 1045 1885 De
1060 1821 1240 1892 Plutarcho

141 1927 252 2008 igitur,
267 1926 325 2008 qui
341 1924 484 1990 Graecos
498 1933 532 1989 et
546 1924 687 1989 Latinos
700 1924 926 2007 Imperatores
939 1926 1157 2007 comparavit,
1173 1946 1241 1995 nou

140 2046 284 2093 necesse
298 2028 409 2092 haheo
426 2028 550 2104 dicere,
570 2028 663 2111 quod
686 2028 795 2111 ipsius
817 2027 922 2090 libros
938 2046 1015 2090 vere
1030 2026 1239 2112 philosophi..

140 2150 202 2197 cos
217 2130 251 2193 in
266 2130 481 2195 bibliothecis
496 2129 676 2196 desiderari
700 2130 793 2193 nefas
818 2137 940 2212 putem.
984 2128 1114 2193 Julium
1139 2130 1239 2215 Higi-

139 2251 219 2298 num
235 2233 277 2297 de
291 2233 392 2298 claris
407 2235 499 2311 viris,
516 2253 577 2296 seu
590 2232 634 2307 de
646 2233 717 2297 vita
731 2233 896 2316 rebusque
907 2232 1085 2296 illustrium
1096 2233 1239 2309 virorum

137 2336 251 2402 laudat
266 2336 418 2419 Agellius
432 2337 492 2403 lib.
509 2355 534 2400 ι.
550 2357 628 2420 cap.
643 2335 697 2400 14.
715 2335 816 2401 Noct.
833 2344 866 2400 et
891 2334 1061 2399 Asconius
1085 2336 1119 2399 ia
1140 2335 1237 2401 Piso·

137 2441 282 2515 dianam,
305 2440 363 2522 qui
387 2437 520 2503 Lucium
541 2439 699 2523 appellat,
714 2443 917 2502 commutata
939 2439 1082 2502 sortasse
1098 2435 1126 2499 J
1142 2439 1238 2503 litera

137 2543 171 2606 iu
193 2540 235 2620 L,
257 2543 466 2607 librariorum
491 2542 653 2623 audacia3
676 2542 742 2606 nisi
765 2541 850 2606 sorte
877 2538 918 2603 L.
933 2538 1060 2604 Julium
1085 2537 1237 2626 Higinum

137 2643 265 2709 dictum
280 2643 385 2708 videri
400 2645 521 2727 placet.
566 2644 744 2709 Suetonius
768 2643 806 2708 C.
822 2642 951 2709 Julinrn
967 2642 1130 2725 Higinum
1148 2645 1180 2707 in
1196 2644 1235 2708 il-

138 2747 301 2812 lustribus
327 2748 550 2829 grammaticis
574 2749 737 2828 uomiuat3
761 2742 911 2830 ejusdem
939 2745 1170 2829 exemplorum
1194 2746 1236 2809 li·

137 2851 229 2924 bros,
245 2849 329 2914 forte
343 2848 489 2925 eosdem,
505 2849 592 2914 idem
610 2851 695 2915 citat
709 2850 862 2933 Agellins
875 2849 935 2912 lib.
952 2863 992 2911 x.
1007 2868 1081 2930 cap.
1096 2848 1151 2913 18.
1174 2847 1235 2912 Al-

136 2949 258 3036 phaeus
268 2953 393 3021 Avitus
401 2952 640 3021 excellentium
653 2953 797 3016 virorum
813 2953 917 3017 libros
931 2951 1069 3033 reliquit
1083 2946 1236 3014 Iambico
1305 2940 1321 2961 ⁹

136 3054 289 3131 dimetro,
310 3063 345 3120 ut
369 3075 412 3121 ex
431 3055 627 3136 fragmentis
651 3074 729 3138 quae
754 3073 775 3119 a
800 3053 977 3118 Prisciano
999 3066 1083 3113 vrrr.
1105 3066 1178 3114 xri.
1203 3056 1236 3118 et

139 3171 253 3221 xvrrr.
267 3158 361 3222 libris
381 3157 531 3224 Gramm.
554 3156 744 3233 afferuntur,
758 3167 919 3240 apparet:
942 3153 984 3217 de
1005 3173 1073 3236 quo
1094 3154 1236 3237 aequalis

133 3258 210 3343 ejus
224 3258 447 3325 Terentianus
462 3259 625 3323 Maurus:
716 3331 722 3340 ‚

392 3360 443 3426 Ut
457 3359 586 3444 pridem
602 3358 728 3424 Avitus
742 3357 889 3442 Alpbius

273 3462 286 3472 ”
395 3462 605 3546 Conscripsit
621 3461 883 3527 Excellentium.

176 3568 218 3635 T.
234 3584 372 3653 quoque
386 3564 610 3649 Pomponium
630 3565 781 3630 Atticum
805 3564 848 3629 de
863 3564 943 3629 viris
959 3565 1146 3631 illustribus
1162 3586 1232 3635 car·

132 3673 222 3738 mine
245 3668 487 3754 scripsissem
509 3669 581 3754 ejus
601 3671 674 3734 rita
697 3675 881 3735 auctorest
898 3666 1033 3751 Nepos,
1049 3676 1086 3733 et
1100 3657 1241 3735 Plinius

132 3774 170 3842 N
172 3782 218 3840 at.
233 3774 326 3839 Hist.
341 3773 400 3837 lib.
416 3787 547 3838 xxxv.
568 3793 644 3856 cap.
659 3774 691 3839 2.
714 3781 815 3857 atque
837 3773 991 3839 versibus
1005 3792 1070 3837 non
1086 3773 1231 3856 amplius

133 3879 305 3964 quaternis
328 3874 508 3961 quinisque
531 3868 812 3959 sub'singulorum
832 3876 1049 3957 imaginibus,
1078 3875 1168 3940 facta
1198 3884 1232 3944 et

131 3982 348 4063 magistratus
370 3998 486 4043 eorum
513 3978 748 4061 descripsisse.
794 3974 898 4039 Plinii
919 3977 1063 4059 junioris
1089 3980 1231 4061 aequalis

130 4085 280 4150 Titinius
304 4085 426 4168 Capito
451 4083 566 4148 exitus
591 4082 764 4147 illustrium
790 4079 933 4144 virorum
956 4080 1105 4160 tradidit,
1127 4085 1161 4148 in
1184 4087 1229 4152 iis

130 4187 336 4272 quorundam
362 4186 429 4252 sibi
454 4182 724 4252 carissimorum:
753 4189 872 4253 auctor
897 4181 1029 4252 Plinius
1055 4183 1116 4252 lib.
1145 4204 1228 4257 vrit.
