3022 5026
272 333 338 403 832
556 349 686 400 ssxru
711 347 873 399 sunnon
896 348 1070 399 srcronss

273 498 343 561 ictu
357 494 535 578 transegit3
558 493 654 577 cujus
668 491 759 568 dolo,
776 492 832 557 uti
845 511 948 577 supra
961 492 1152 568 docuimus,
1168 490 1365 559 adolescens

273 599 383 663 bonus
397 596 650 680 facundusque*
662 604 696 659 et
711 614 808 676 genos
822 594 1002 660 occiderat.
1045 595 1099 660 15.
1120 593 1252 660 Ceteris
1266 599 1366 662 venia

272 701 362 775 data,
378 699 562 782 retentiquc
584 697 730 762 hostium
751 696 821 762 iere
840 716 966 775 ornnes,
980 717 1022 762 ac
1035 698 1181 762 maxime
1196 698 1246 762 vir
1264 699 1365 781 iusig-

272 803 325 867 nis
353 802 567 868 Aristobulus
593 800 771 884 preelectus
799 801 955 884 praetorio
979 820 1038 886 per
1062 798 1172 865 officia
1194 820 1267 865 sua.
1311 801 1364 866 16.

272 902 428 984 Quaeres
444 911 524 987 post
536 902 729 967 memoriam
753 900 933 967 humanam
952 922 1042 968 nova
1056 913 1159 988 atque
1175 905 1364 986 inopinabi-

269 1006 332 1071 lis¹¹
356 1005 433 1083 init,
457 1006 548 1070 civili
567 1006 668 1083 bello,
683 1005 834 1084 fortunis,
858 1005 961 1083 sama,
984 1006 1155 1089 dignitate,
1183 1006 1364 1090 spoliatum

269 1109 459 1174 nemiuem:
482 1128 557 1173 cum
571 1109 626 1192 pie
645 1106 824 1172 admodum
847 1111 1090 1192 'mansuetoque
1112 1107 1180 1191 geri
1202 1110 1364 1187 laetemur,

270 1212 388 1290 exilio,
415 1212 669 1296 proscriptioni,
694 1218 794 1297 atque
818 1211 921 1277 etiam
949 1212 1126 1297 suppliciis
1148 1219 1182 1278 et
1210 1211 1366 1277 caedibus

270 1313 409 1379 modum
425 1314 509 1379 fieri.
550 1315 604 1379 17.
618 1314 719 1393 Quid
740 1334 783 1380 ea
799 1334 991 1392 memorem,
1006 1316 1176 1380 ·ascisisse
1190 1316 1363 1380 consortio

269 1417 411 1482 multos¹
434 1425 660 1503 externosque
676 1419 790 1485 tuendi
810 1418 1048 1502 prolatandive
1063 1418 1171 1501 gratia
1186 1418 1274 1504 juris
1291 1417 1366 1482 Ro·

270 1520 385 1585 munii
408 1517 567 1604 Namque
586 1522 643 1585 ubi
666 1521 829 1605 comperit
851 1521 964 1586 Carini
988 1521 1171 1598 discessu,l
1192 1521 1363 1585 AElionum

270 1621 550 1707 Amandumque¹
581 1643 642 1707 per
667 1622 830 1699 Galliam,
858 1625 972 1690 excita
995 1643 1094 1687 manu
1116 1624 1293 1705 agrestium
1319 1643 1362 1688 ac

268 1724 441 1801 latronum,
465 1747 551 1811 quos
577 1726 782 1810 Bagaudas⁸
807 1727 924 1792 incoloe
947 1733 1079 1802 vocant,
1103 1726 1271 1810 populatis
1292 1724 1360 1789 late

269 1827 370 1910 egris,
385 1830 565 1914 plerasque
579 1831 707 1894 urbium
723 1835 859 1906 tentare,
870 1827 1113 1893 Maximianum
1131 1827 1243 1892 statim
1258 1826 1362 1895 fidum

269 1929 429 2008 amicitia,
449 1951 640 2017 quanquam
664 1930 941 2012 semiagrestemb
963 1931 1092 1996 militiae
1114 1939 1237 2010 tamen,
1255 1937 1360 2013 atque

268 2033 403 2114 iugenio
430 2033 579 2105 bonum.e
608 2034 843 2118 imperatorem
864 2031 988 2117 jubet.d
1039 2031 1094 2097 18.
1116 2031 1211 2095 Huic
1241 2039 1362 2115 postea

268 2134 361 2198 cultu
372 2136 539 2200 numiuis‘
554 2135 713 2201 Herculei
725 2145 978 2220 cognomentum
988 2134 1145 2215 accessit,
1158 2136 1208 2199 nti
1220 2133 1361 2199 Valerio

718 2267 894 2288 anunente

268 2347 338 2399 tione
350 2348 419 2399 illius
430 2351 564 2400 eossditisse
582 2364 632 2400 nou
651 2351 727 2401 uter.¹
742 2351 900 2401 Scisti-ll
917 2350 1047 2401 Halioussa
1064 2349 1242 2412 Aeneadumque
1259 2347 1361 2398 Sebott·

763 2464 869 2516 NOTAE

266 2552 407 2603 marianum
429 2553 499 2603 nullo
520 2569 566 2605 sno
588 2552 648 2604 dolo
670 2553 793 2605 iuterfee·
834 2555 931 2621 praeliis
950 2561 1066 2617 amentes
1087 2551 1195 2609 domuit,
1212 2561 1240 2602 et
1259 2560 1360 2616 partem

266 2635 337 2689 tsrm;
355 2636 382 2679 et
401 2643 460 2678 cum
476 2630 555 2694 juxta
571 2646 630 2680 enm
649 2630 729 2697 Aper,
750 2635 792 2696 qui
834 2631 928 2682 Gallius
941 2627 1110 2680 reformarit!

267 2705 425 2756 Numeriano
443 2708 548 2756 insidias
569 2707 678 2766 fecerat,
697 2711 792 2760 consil·
865 2707 1025 2768 *Bagradas
1044 2705 1201 2771 [Bugaadas]
1217 2705 1360 2768 liuganda,

264 2783 348 2839 tisset.
367 2785 393 2833 in
410 2795 549 2849 conspectu
569 2788 700 2837 exercitus
717 2801 792 2836 manu
832 2786 874 2834 vel
893 2792 922 2835 ut
940 2784 997 2833 aliis
1016 2784 1162 2839 Bussenssioe,
1179 2785 1219 2833 sel
1237 2784 1360 2846 Vossssdae,

265 2859 423 2910 Diocletiani
456 2862 542 2925 gladio
572 2879 709 2927 percussus
743 2872 792 2915 est.
833 2858 1104 2924 populicircsdlpes.

264 2933 363 2985 Postea
375 2936 514 2994 Carinum,’
524 2941 573 2988 &a
864 2935 876 2971 ⁶
892 2937 1086 3000 Sessiegrestem]
1109 2937 1219 2999 Eutrop.
1242 2935 1360 2986 ‘Hercu-

296 3013 503 3079 ‘FacundusqseJ
527 3017 655 3079 Vopiscus
677 3016 702 3065 iu
724 3015 792 3066 Caro
831 3015 977 3064 linientem
991 3015 1122 3076 propalam
1140 3011 1220 3072 lesus,
1232 3022 1260 3064 et
1271 3015 1361 3064 incisi·

265 3098 341 3138 voest
358 3090 592 3141 ‘disertissimam'
616 3102 644 3143 et
661 3093 731 3157 alibi,
747 3096 791 3143 ‘e·
832 3092 863 3140 lis
880 3091 993 3155 ingenii;
1009 3090 1177 3153 asperitatem
1193 3090 1273 3140 etiam
1287 3105 1359 3141 suam

263 3166 394 3228 loquentis
406 3174 492 3216 sutem
504 3168 719 3231 propellentem!
832 3170 915 3218 uultus
928 3170 1033 3219 horrore
1045 3167 1212 3231 significans!

295 3241 489 3307 'lanpissbilis]
512 3243 725 3306 ‘lncredibiiis3’
750 3250 791 3298 sel
864 3247 991 3295 emitum
1012 3251 1098 3302 tumes,
1119 3249 1189 3308 cique
1209 3245 1303 3316 insessis
1321 3246 1361 3294 be-

264 3318 441 3383 potiusquam
461 3320 518 3384 quis
536 3334 642 3384 operere
662 3335 714 3369 nnn
732 3335 791 3384 pus·
831 3325 899 3387 uum]
919 3326 989 3374 Nota
1006 3324 1100 3373 militiae
1118 3325 1143 3372 in
1161 3325 1274 3374 secundo
1290 3341 1362 3388 casu,

265 3404 313 3443 set.
830 3402 1001 3463 ingessissem
1020 3400 1045 3449 in
1063 3408 1147 3451 sesto.
1182 3400 1361 3464 subintelligi·

294 3479 307 3504 ¹
325 3472 435 3534 Multos]
458 3472 495 3522 Ut
517 3473 714 3531 Maximianum,
739 3474 789 3525 Co·
830 3478 994 3540 turpesitum.
1028 3477 1150 3527 ‘Militia
1163 3478 1293 3542 peritum,'
1310 3483 1361 3529 dre,

263 3550 385 3606 seusium,
396 3553 445 3597 &c
861 3553 873 3588 i
890 3555 1059 3617 imperatorem
1068 3553 1150 3617 jubet]
1174 3555 1256 3604 lmmo
1274 3556 1360 3605 cresa-

295 3633 306 3667 5
323 3625 448 3690 Dimuri]
465 3626 561 3674 Morte.
831 3646 902 3681 rem:
915 3642 943 3681 et
952 3633 1140 3697 Imperatorem
1151 3630 1281 3682 sunosere
1290 3642 1358 3696 post.

294 3703 442 3751 'Elium
467 3701 620 3765 [Helium]
641 3703 787 3752 Amantium·
829 3725 887 3759 cum
902 3710 1040 3760 Corsusius
1059 3722 1201 3773 purpuram
1218 3707 1357 3757 induisset:

261 3780 452 3844 pue]iEliannm
461 3778 665 3843 rimandumque.
677 3782 788 3844 Eutrop.
830 3787 888 3836 side
907 3787 1016 3849 Eutrop·
1031 3792 1060 3834 et
1076 3786 1138 3835 inde
1154 3782 1274 3848 estquod
1291 3780 1358 3831 inira

260 3856 342 3906 ‘Cum
363 3858 498 3906 tumultum
519 3857 640 3905 rusticsni
658 3859 684 3905 in
701 3857 789 3907 Gallis
829 3865 922 3914 victor
938 3862 1037 3918 scribis,
1050 3876 1117 3912 anuo
1134 3863 1256 3910 minorem
1273 3859 1359 3908 Maxi.

260 3934 444 3995 concitassent,
454 3943 480 3982 et
496 3929 600 3982 fectioni
618 3949 671 3983 suae
687 3935 789 3998 Bsgsn·
829 3941 915 3990 miano
925 3941 1066 4004 potentiam
1079 3936 1242 4000 fuissequaur
1255 3934 1358 3986 Diocle·

260 4009 351 4058 darum
363 4024 455 4058 nomen
471 4009 642 4072 imponerent,
653 4011 733 4060 duces
744 4027 789 4061 au·
830 4017 917 4076 risno;
935 4029 993 4064 eum
1011 4027 1100 4063 resera
1118 4012 1189 4060 annis
1199 4008 1299 4059 duobus
1311 4014 1357 4063 nsi·

262 4092 314 4132 tem
327 4084 451 4134 heberent
466 4085 607 4133 rimandum
616 4087 788 4152 etAEliannm;
830 4105 878 4140 nos
888 4090 976 4140 suerit·

261 4159 294 4207 ad
304 4160 461 4223 ssslsigendos
472 4177 516 4210 eos
526 4162 712 4212 Maximianum
722 4164 789 4213 Her·
862 4175 872 4200 ⁸
892 4167 964 4216 Cultu
975 4162 1088 4224 russinis]
1109 4158 1231 4210 Herculis
1246 4161 1357 4216 scilieet.

260 4235 357 4286 cuiiusu
374 4237 504 4286 Caesarem
524 4238 603 4299 misit,
623 4239 666 4302 qui
687 4240 788 4291 lusibus
