3022 5026
281 367 326 433 20
759 379 915 430 runrcra

282 527 370 593 catis
381 527 519 592 auribus
531 524 603 592 duri
618 525 723 591 videri
735 526 878 610 possint.
907 523 1056 602 Quarto,
1070 521 1250 588 verisimile
1263 523 1301 587 fit
1315 523 1382 589 As·

281 629 418 695 conium
439 631 514 694 libri
539 636 708 695 auctorem
730 649 816 707 esse,
835 627 916 713 quia
938 628 1002 694 boc
1024 627 1108 693 libro
1130 628 1239 691 nullus
1261 628 1381 693 citatur

282 738 399 798 auctor
421 735 588 817 posterior
612 740 713 797 aetate
736 731 897 811 Asconii;
920 730 979 795 sed
1003 750 1120 795 omnes
1141 730 1184 795 ab
1207 750 1248 796 co
1271 731 1380 806 citati,

281 835 335 899 vel
354 834 427 918 ejus
447 844 584 901 aetatem
607 841 861 919 praecesserunt,
877 834 929 898 vel
949 835 980 898 ei
1003 842 1091 899 certe
1112 834 1381 917 contemporanei

280 933 427 1001 fuerunt.
473 937 557 1001 Eum
582 941 836 1020 praecesserunt,
857 955 946 1019 quos
971 956 1074 1019 supra
1094 937 1380 1014 enumeravimus3

281 1037 313 1101 ei
337 1057 417 1103 varo
441 1038 578 1122 aequalis
598 1039 661 1102 fuit
681 1037 812 1114 Livius,
827 1046 863 1101 et
881 1037 955 1121 ejus
977 1057 1113 1122 quoque
1128 1039 1213 1105 civis
1227 1039 1382 1102 nimirum

281 1138 491 1205 Patavinus:
515 1141 598 1205 sorte
612 1142 714 1205 etiam
730 1140 910 1223 Virgilium
924 1141 1036 1206 videre
1051 1141 1173 1222 potuit.
1217 1139 1324 1225 Atqui
1337 1141 1380 1204 de

280 1241 379 1307 Livio
400 1248 563 1308 constant.
610 1243 700 1308 Nam
721 1242 786 1306 boc
803 1242 900 1319 libro,
915 1243 1026 1326 capite
1041 1241 1083 1307 de
1098 1240 1212 1306 Roma
1226 1242 1381 1310 condita:

281 1351 292 1378 ‘
309 1345 378 1410 Sed
399 1344 537 1423 horum,'
552 1346 670 1430 inquit,
687 1349 698 1379 ‘
713 1344 928 1427 opinionibus
943 1346 1087 1408 omnium
1103 1344 1248 1408 diversis
1263 1363 1380 1428 repug-

279 1456 340 1511 nat
354 1456 478 1513 nostrae
493 1449 665 1513 memoriae
679 1448 891 1531 proclamans
905 1446 1043 1511 historia
1056 1447 1211 1524 Liviana,
1223 1465 1301 1528 quaa
1319 1455 1380 1511 tes·

279 1550 393 1625 tatur,'
406 1554 466 1620 &c
504 1551 551 1615 At
564 1552 651 1618 idem
668 1553 701 1616 in
718 1550 890 1615 Ciceronis
905 1550 1100 1632 fragmentis
1116 1549 1250 1614 Livium
1266 1550 1381 1632 appel-

278 1653 330 1718 lat
353 1661 510 1731 nostrum,
527 1656 574 1719 nti
594 1653 661 1720 bio.
705 1652 805 1718 Unde
823 1654 939 1717 merito
963 1653 1131 1736 conjicere
1150 1653 1252 1718 liceat
1271 1651 1380 1716 Asco-

279 1757 372 1823 nium
391 1763 423 1823 et
441 1756 497 1822 bic
520 1777 607 1836 esse,
622 1757 680 1842 qui
694 1777 791 1821 suum
808 1765 842 1821 et
856 1756 910 1821 bic
926 1756 1059 1825 Livium
1076 1757 1131 1821 vel
1145 1755 1304 1820 memoria
1318 1774 1381 1819 sua

278 1859 452 1924 historiam
476 1863 735 1944 conscripsisse.
779 1859 886 1925 Porro
907 1881 949 1924 eo
969 1868 1123 1943 tempore
1142 1866 1176 1924 et
1195 1857 1328 1922 Livium
1345 1866 1381 1922 et

279 1959 456 2044 Virgilium
482 1965 622 2040 vixisse,
645 1984 713 2048 quo
736 1964 849 2027 floruit
871 1962 1053 2040 Asconius,
1078 1963 1200 2027 dooere
1222 1966 1381 2044 poterunt

279 2061 410 2127 Fabius
425 2071 459 2128 et
474 2064 658 2141 Eusebius,
673 2065 729 2147 qui
745 2065 887 2130 Asconii
903 2067 1104 2129 mentionem
1119 2065 1257 2128 faciunt.
1294 2062 1379 2129 Cum

279 2165 380 2247 igitur
402 2165 503 2230 Livio
523 2168 552 2230 is
570 2167 954 2251 quamfamiliarissimns
974 2167 1084 2245 fuerit,
1100 2167 1201 2249 idque
1216 2167 1280 2228 boc
1295 2165 1380 2228 libro

280 2267 438 2332 ostendat
452 2288 555 2352 supra
570 2269 705 2353 scriptis
719 2270 841 2346 verbis,
857 2269 945 2333 credi
961 2289 1023 2353 par
1038 2274 1089 2333 est
1103 2288 1177 2332 euru
1193 2270 1293 2354 hujus
1304 2268 1381 2331 libri

278 2376 314 2433 et
337 2369 476 2433 alterius
499 2369 564 2434 ‘de
586 2368 725 2451 Origine
746 2369 930 2435 Patavina’
947 2379 1116 2436 auctorem
1133 2374 1292 2436 existere.
1336 2370 1380 2434 Et

280 2471 370 2557 quod
384 2473 428 2537 ad
444 2472 619 2556 Virgilium
634 2475 764 2551 attinet,
776 2481 810 2538 et
826 2473 892 2538 boc
907 2475 1003 2552 libro,
1016 2482 1049 2539 et
1064 2476 1097 2539 in
1110 2474 1273 2539 Cicerone
1289 2472 1380 2541 Nos-

265 2582 367 2639 trum
386 2576 486 2641 etiarn
502 2575 669 2659 appellat:
695 2576 850 2641 videlicet
864 2597 941 2661 cap.
957 2577 999 2641 da
1017 2577 1165 2643 Hercule
1183 2576 1379 2642 Recnrano:

284 2676 418 2756 ‘Quam
435 2678 649 2763 opinionem,’
663 2682 782 2764 inquit,
798 2681 917 2766 ‘sequi
933 2684 1049 2746 metuit
1064 2686 1177 2745 noster
1194 2680 1293 2744 Maro
1304 2679 1323 2744 :’
1344 2685 1381 2743 et

278 2782 392 2864 capite
416 2781 458 2846 de
482 2783 646 2849 Saturno:
678 2781 822 2866 ‘Usque
846 2781 911 2862 eo,’
936 2784 1057 2868 inquit,
1080 2789 1141 2849 ‘ut
1164 2785 1278 2862 etiam,
1302 2802 1378 2849 cum

279 2881 357 2948 aliis
379 2882 458 2948 Diis
477 2883 689 2963 sacrificinm,
706 2886 785 2949 dato
801 2885 893 2951 thure
908 2888 942 2950 in
955 2888 1073 2952 altaria
1088 2886 1111 2952 J
1115 2888 1199 2963 ovis,
1214 2888 1304 2971 prior
1318 2906 1379 2950 uo-

277 2988 429 3062 minetur,
445 2996 664 3070 cognomento
684 3008 815 3072 qunque
831 2989 948 3054 addito
964 2988 1075 3066 Pater,
1089 2989 1273 3054 secundum
1288 2988 1379 3072 quod

278 3085 406 3153 Noster
421 3092 470 3154 sic
486 3090 611 3155 intulit:

334 3198 345 3227 ⁸
362 3191 463 3258 Hanc
477 3192 500 3258 J
504 3214 587 3258 anus
603 3201 711 3277 pater,
727 3195 812 3258 banc
828 3195 991 3259 Saturnus
1006 3193 1157 3260 condidit
1171 3193 1321 3263 arcem.”

322 3294 462 3373 Quinto,
474 3301 648 3359 auctorum
665 3315 752 3379 quos
768 3296 822 3361 bic
837 3297 919 3362 liber
932 3297 1025 3370 citat,
1038 3298 1072 3361 in
1090 3300 1315 3364 testimonium
1332 3301 1380 3365 rei

279 3418 379 3483 qnam
407 3400 548 3481 probare
573 3400 665 3479 velit,
692 3401 859 3485 quosdam
884 3399 1055 3465 Asconius
1081 3404 1181 3467 etiam
1207 3403 1323 3468 laudat
1344 3405 1379 3466 in

277 3501 470 3584 fragmentis
490 3501 525 3565 iu
550 3500 747 3566 Ciceronem
769 3501 933 3566 faciendae
953 3503 1043 3580 fidei,
1064 3506 1212 3569 maxime
1235 3504 1378 3576 Livium,

278 3623 379 3688 quem
403 3602 566 3666 Nostrum
589 3604 762 3687 appellat3
791 3611 825 3666 et
848 3602 1037 3684 Virgilium,
1061 3625 1161 3690 quem
1187 3604 1377 3687 sepissime

207 3712 212 3723 “
277 3707 371 3782 citat,
386 3724 427 3769 ac
443 3703 609 3769 Nostrum
624 3725 757 3789 quoque
774 3711 894 3768 vocat:
918 3725 996 3787 ergo
1011 3708 1084 3772 haec
1100 3708 1175 3792 ejus
1190 3711 1375 3784 utrumque,

277 3807 329 3871 sie
352 3812 385 3869 et
403 3805 465 3870 boc
488 3805 574 3883 loco,
588 3813 621 3870 et
639 3806 832 3888 fragmentis
848 3808 1071 3890 compellandi
1088 3818 1243 3890 tanquam
1258 3803 1377 3867 famili-

278 3928 353 3972 ares
379 3916 412 3973 et
438 3909 566 3973 amicos
590 3928 656 3972 non
680 3908 869 3992 infrequens
891 3910 1113 3979 consuetudo,
1137 3905 1378 3991 propemodum

277 4010 410 4076 evincat
433 4013 542 4095 ipsum
563 4025 731 4077 auctorem
746 4011 846 4095 buJus
862 4010 936 4075 libri
952 4012 1041 4076 credi
1058 4010 1189 4073 debere.
1235 4007 1328 4072 Citat
1342 4018 1378 4073 et

278 4110 484 4190 Sallustium,
500 4114 740 4200 Plautumque,
753 4125 787 4179 ut
800 4115 894 4191 libet,
908 4114 1025 4178 Nostri
1041 4121 1150 4176 tamen
1161 4112 1290 4175 omisso
1304 4132 1378 4196 pro·

278 4216 421 4289 nornine,
443 4215 527 4279 aden
549 4224 585 4282 ut
607 4236 648 4281 eo
672 4220 864 4300 pronomine
887 4218 951 4282 sibi
976 4216 1109 4280 Livium
1135 4234 1175 4281 ac
1201 4212 1377 4300 Virgilium
