3022 5026
342 368 391 417 nn
415 366 518 417 vrars
542 365 799 416 rccusrnruus
821 367 904 416 one.
924 347 1055 418 xxxi.
1175 353 1242 420 145

146 511 270 577 bobum
286 509 450 576 Romanis
464 511 588 577 intulit.
632 511 805 579 Laevinum
822 511 1011 579 consulem‘
1023 513 1111 597 apud
1128 513 1239 585 Hera·

147 614 276 679 cleam⁸
298 613 554 696 elephantorum
576 614 724 678 novitate
745 615 901 679 turbavit.
944 617 976 679 4.
999 615 1149 699 Cumque
1169 616 1240 684 Ro·

146 736 264 782 manos
280 715 430 781 adversis
446 715 639 780 vulneribus
656 719 790 781 occisos
806 718 942 793 videret,
959 718 1042 799 Ego,
1057 720 1175 802 iuquit,
1191 729 1239 787 ta·

146 819 235 883 libus
256 818 418 882 militibus
438 817 531 881 brevi
553 818 665 881 orbem
687 826 847 884 terrarum
868 819 1021 901 subigere
1043 822 1238 905 potuissem.

145 923 179 988 5.
191 921 323 986 Amicis
334 920 587 1003 gratulantibus,
596 918 690 999 Quid
703 921 782 985 rnibi
795 941 870 987 cum
882 921 941 985 tali
953 923 1104 997 victoria,
1120 924 1239 1007 inquit,

146 1025 205 1089 ubi
221 1024 387 1088 exercitus
407 1023 509 1086 robur
528 1023 702 1088 amittant
745 1024 778 1088 6.
802 1022 857 1087 Ad
876 1023 1072 1088 vicesimum
1088 1025 1132 1089 ab
1149 1025 1241 1091 Urbe

145 1125 295 1207 lapidem
318 1130 428 1189 castra
451 1124 582 1206 posuit:
608 1125 763 1209 captivos
788 1125 944 1190 Fabricio
966 1128 1069 1208 gratis
1090 1127 1242 1193 reddidit.

145 1228 178 1291 7.
202 1225 288 1291 Viso
310 1225 438 1321 Lavini
459 1223 638 1303 exercitu)²
657 1229 798 1293 eandem
818 1229 882 1292 sibi
904 1226 969 1293 ait¹
989 1229 1150 1295 adversus
1172 1229 1242 1296 Ro·

144 1348 275 1407 manos,
292 1347 389 1413 quarn
409 1327 553 1392 Herculi
573 1328 735 1394 adversus
754 1326 916 1415 hydram,k
938 1329 1044 1395 tuisse
1063 1331 1240 1397 fortunam.

145 1433 177 1498 8.
199 1432 231 1497 A
256 1430 358 1497 Curio
381 1437 413 1496 et
438 1430 594 1494 Fabricio
616 1428 811 1515 superatus,¹
834 1432 1014 1496 Tarentum
1038 1433 1177 1517 refugit3
1206 1434 1243 1499 iu

145 1536 295 1602 Siciliam
315 1534 478 1619 trajecit.m
519 1535 552 1614 9.
576 1534 660 1599 Mox
680 1535 714 1597 in
736 1533 870 1600 Italiam
888 1534 1042 1599 Locros¹¹
1061 1554 1241 1617 regressus,

145 1639 321 1723 pecuniam
342 1635 553 1718 Proserpinae
573 1637 715 1700 avehere
736 1637 884 1701 tentavit.
928 1637 996 1702 Sed
1011 1657 1053 1703 ea
1066 1637 1241 1722 naufragio

606 1800 791 1821 ”Menneu

141 1902 212 1965 juria
224 1909 363 1965 exceptam
374 1901 417 1964 qui
428 1899 521 1950 deinde
531 1900 660 1964 Pyrrhum
669 1900 695 1949 in
704 1900 824 1949 auxilinm
836 1900 984 1951 vocabant·
998 1901 1072 1951 Harl.
1106 1902 1241 1952 bauisirrss

145 1968 194 2017 Ed.
204 1982 242 2030 pr.
250 1968 313 2016 Μαι.
326 1982 367 2030 ap.
378 1967 480 2017 Sebott.
488 1975 514 2015 st
525 1967 599 2016 Leid.
608 1972 629 2015 1.
641 1981 683 2026 ap.
692 1967 783 2015 Arntr.
806 1967 872 2016 'l’um
883 1967 1005 2016 Eracteam
1016 1967 1064 2016 Ed.
1076 1982 1115 2030 pr.
1134 1969 1241 2017 Hereass

146 2031 212 2082 Mss.
225 2048 267 2096 sp.
277 2032 427 2082 sinam-r
451 2032 516 2082 Viris
528 2047 574 2095 pro
586 2033 702 2080 militibus
712 2031 773 2081 Ara.
785 2031 885 2082 Schott.
898 2031 993 2081 Gresb.
1005 2033 1101 2094 Delptr.
1112 2032 1203 2082 Pirisc.
1214 2039 1244 2083 et

142 2097 223 2146 sabin
235 2112 281 2160 pra
291 2097 398 2159 ubigm
409 2105 473 2146 rett.
484 2098 597 2147 libb-⁵
612 2097 676 2153 Quia
687 2097 746 2146 miti
764 2097 837 2146 Laid.
847 2100 921 2148 2.-7
937 2096 1040 2146 basisti
1051 2097 1099 2146 Ed.
1112 2112 1151 2161 pr.
1169 2098 1239 2149 ‘Ata

148 2163 181 2212 Ut
193 2162 267 2212 Laid.
283 2167 305 2212 l.
331 2163 498 2213 aurneina.
517 2161 840 2212 etornntuodeletlr'rau.
873 2161 1239 2226 Adiqnaedicemossdcsp.

144 2227 194 2277 ti!
209 2229 344 2278 Arata—8
363 2227 471 2276 Fabritio
484 2228 531 2277 Ed.
547 2242 587 2289 pr.
621 2228 682 2276 Mor
698 2226 807 2287 cossagit
821 2226 924 2289 qrridam
936 2242 979 2290 sp.
989 2228 1087 2277 Schott.
1122 2226 1239 2289 Profugit

145 2292 194 2342 Ed.
206 2309 245 2356 pr.
260 2292 334 2342 Leid.
345 2297 369 2340 a.
382 2301 408 2342 et
421 2292 506 2341 lison.
539 2293 602 2340 Turn
614 2291 750 2356 Sylbarsio
760 2291 899 2354 legendum
912 2291 1015 2341 videtur
1025 2293 1080 2344 inda
1091 2293 1116 2341 irs
1128 2292 1240 2343 Satan

145 2358 245 2418 traiecit.
278 2358 308 2407 ln
321 2358 378 2406 eliis
390 2359 483 2420 legitur
494 2357 645 2418 trajicit—b
658 2357 819 2419 conjiciebat
832 2357 932 2407 Schott.
950 2373 1005 2406 mox
1016 2358 1042 2405 is
1054 2359 1142 2407 ltalioe.
1165 2358 1173 2385 ‘
1186 2359 1239 2420 Ag·

141 2437 237 2484 grossas
250 2423 351 2472 Boend.
364 2432 393 2472 ut
405 2423 455 2486 legi
469 2432 555 2487 posset
565 2422 595 2470 ln
607 2421 774 2471 ltaliaboaros
785 2437 928 2485 aggressus:
939 2423 983 2471 sed
997 2423 1057 2473 nibil
1071 2423 1239 2473 mutandum!

144 2487 228 2541 Arsia.
269 2490 331 2539 Mox
352 2487 447 2549 absens
469 2489 592 2552 temptauit
614 2487 663 2536 Ed.
686 2502 724 2551 pr·
751 2488 844 2538 ‘beid
861 2492 886 2536 2.
908 2488 1011 2547 amens.
1053 2489 1130 2539 Fran.
1146 2488 1237 2538 babere.

636 2636 744 2686 NOTAE

142 2735 240 2784 oraculi
254 2748 302 2782 vox
319 2741 369 2782 est.
404 2734 530 2782 Pacarius
546 2733 573 2782 in
590 2748 672 2782 srmo-
708 2747 757 2797 goe
770 2732 880 2782 Lernan
894 2740 933 2782 tot
944 2745 1011 2781 rasa
1022 2732 1132 2781 bostium
1150 2731 1239 2796 capiis

142 2825 199 2859 rum
213 2808 331 2872 judicio:
347 2805 473 2869 ‘Aperta
494 2806 565 2856 fatris
583 2807 672 2868 dictio,
707 2810 740 2858 ds
752 2811 876 2871 sanguiue
888 2823 934 2858 sno
946 2806 1135 2858 renascuntur!

142 2888 164 2935 si
185 2883 334 2946 intelligas.'
368 2884 451 2934 Dictis
465 2884 562 2946 Aperta
581 2898 672 2933 oracn-
738 2881 892 2949 ¹‘HydraruJ
910 2884 1181 2933 Cainnodeceutum
1192 2896 1236 2932 cs·

142 2966 195 3013 laur
214 2961 341 3026 Apollinis
358 2962 401 3023 qui
418 2962 509 3025 Aperta
530 2959 672 3010 dicebatur.
706 2960 801 3024 pitibns
812 2967 957 3024 amputato,
966 2958 1018 3009 dno
1026 2959 1235 3008 renascebantur.

142 3035 216 3090 Idem
227 3040 252 3088 in
261 3041 419 3090 Duloreste:
433 3037 497 3087 ‘Sed
510 3038 622 3087 incertat
632 3050 672 3086 me
707 3036 773 3087 lite
785 3042 845 3086 uots
856 3045 924 3084 snut.

144 3117 233 3179 dictio,
242 3118 302 3182 quin
315 3132 368 3165 reru
379 3113 491 3179 expedi?
739 3112 746 3146 ¹
761 3113 784 3164 A
798 3114 901 3162 Carioet
913 3111 1024 3164 Fabricio
1032 3112 1169 3176 raperetur]
1186 3112 1234 3163 Ar·

175 3193 316 3244 ‘manum
335 3192 463 3255 consulem]
488 3192 563 3241 Auno
584 3192 672 3242 mundi
706 3189 749 3255 qui
767 3188 874 3250 college
894 3202 944 3236 uon
961 3186 1035 3236 fuera
1052 3187 1184 3237 Fabricios
1206 3194 1235 3239 et

143 3273 217 3321 8670.
228 3280 288 3318 anre
301 3271 330 3319 C.
344 3269 378 3317 N·
389 3272 446 3317 278.
458 3268 490 3318 Α.
503 3268 536 3317 U.
548 3269 579 3318 C.
591 3271 649 3316 rra.
706 3265 808 3315 Curias.
830 3265 877 3313 llle
886 3264 974 3313 consul
983 3261 1034 3313 fuit
1043 3263 1075 3312 A.
1087 3264 1120 3313 U.
1133 3264 1163 3313 C.
1175 3268 1235 3314 iti.

173 3347 273 3409 rApad
286 3345 439 3407 Heracleam]
457 3344 670 3394 Flaminiana.
706 3343 805 3404 collega
817 3342 850 3393 Q.
865 3340 964 3389 AErnillo
976 3340 1059 3404 Papo.
1087 3340 1235 3392 tricame-

142 3427 183 3473 ts.
199 3421 293 3484 ‘Apud
307 3421 462 3470 Heracleam
475 3429 502 3469 st
512 3418 618 3471 fluvium
630 3422 670 3471 Si·
705 3434 729 3467 s.
748 3421 806 3468 478.
826 3418 925 3481 collega
935 3416 966 3465 1..
976 3416 1096 3466 Cornelio
1112 3416 1234 3467 Lentulo.

140 3500 199 3559 rim,
219 3498 323 3547 Larino
335 3496 450 3555 consule,
468 3497 549 3560 prims
566 3497 671 3561 pugna,’
706 3497 757 3546 Sed
768 3497 822 3545 bac
835 3510 884 3545 non
896 3496 933 3545 its
944 3502 1003 3545 sunt
1013 3493 1178 3559 rccipieuds;
1190 3509 1235 3545 ns·

139 3580 191 3626 bre.
226 3574 355 3625 Heraclea
371 3573 430 3623 urbs
445 3574 471 3622 lu
488 3575 584 3623 extima
596 3582 671 3636 parte
706 3588 757 3638 qus
770 3589 800 3622 es
812 3573 845 3622 de
858 3571 950 3623 eodem
967 3577 1084 3635 tempore
1096 3573 1162 3621 dixit
1177 3586 1236 3621 nos·

140 3651 238 3714 ltalia,
259 3649 302 3699 eui
323 3649 428 3713 Magna
446 3649 559 3700 Gracia
579 3665 670 3700 nomen
707 3650 888 3702 terdnrelins.
921 3649 1233 3712 Pyrrbnmetl'sbrieins

140 3736 191 3779 est.
702 3739 730 3777 et
750 3729 844 3778 Curius
861 3734 1034 3791 superarunt;
1058 3726 1104 3775 sed
1123 3727 1232 3777 dirersis

173 3803 186 3838 ὓ
207 3805 263 3854 Viso
282 3803 377 3853 Lauini
394 3800 513 3863 exercita]
529 3799 613 3850 Immo
626 3801 666 3850 sal
703 3805 873 3866 temporibus,
885 3803 1039 3852 rosseillcet
1052 3802 1160 3867 quisque
1172 3817 1233 3853 corr·

142 3882 258 3943 Fabricii,
269 3883 310 3930 vel
322 3880 392 3930 Curii
403 3879 514 3928 Dentati.
549 3878 668 3927 barinus
704 3880 799 3930 sulam.

141 3959 368 4009 rnirnsemelcnm
378 3955 667 4020 Pyrrbomauumcon·
735 3965 753 3991 ¹¹¹
776 3957 807 4006 ln
826 3956 935 4012 Siciliam
956 3955 1063 4018 irruerit]
1092 3957 1232 4021 Postquam

144 4037 232 4086 seruit.
704 4048 762 4083 cour
776 4033 894 4082 Fabricio
906 4040 1046 4094 pugnatum
1061 4041 1110 4087 est,
1122 4040 1149 4080 et
1160 4042 1232 4084 ante·

173 4111 180 4146 ¹
196 4113 302 4162 Easdem
312 4111 360 4160 sibi
370 4109 419 4173 ait]
436 4109 572 4162 Flectere
583 4123 667 4172 srrprs.
704 4124 778 4174 qrram
791 4125 848 4159 com
860 4110 938 4164 Carrio
951 4118 1084 4171 pugnaret.

141 4190 149 4217 ⁴
161 4187 244 4237 Video
254 4185 314 4249 me,’
329 4189 421 4252 inquit,
436 4190 445 4216 ⁴
459 4188 535 4250 plana
548 4187 668 4236 Herculis
737 4195 749 4220 ¹²
765 4183 862 4248 heros]
880 4185 911 4234 tn
923 4185 1019 4250 Magna
1030 4185 1142 4235 Gracia.

142 4263 227 4313 sidere
241 4272 414 4327 procreatum,
425 4263 466 4312 cui
483 4263 553 4330 qussi
573 4263 605 4313 ab
624 4277 668 4312 su·

205 4344 293 4409 Detpb·
302 4350 325 4393 rt
341 4345 397 4396 Vsr.
412 4346 476 4395 Clas.
629 4345 691 4395 Aac.
707 4345 768 4394 Vter.
1087 4331 1092 4335 ’
1138 4343 1164 4392 K
