3022 5026
280 377 285 391 ·
312 355 376 424 148
602 368 716 418 sexul
739 368 901 419 aunum!
927 369 1100 423 vtcuoais

683 616 788 682 CAP.
815 616 1026 684 XXXVII.

581 782 718 831 arrius
741 783 933 832 cosumus
956 783 1126 833 enunnx.

308 923 519 975 Αιιίιυιιιιιτυιι.
553 923 593 973 Ad
611 925 780 975 Momertiuos
799 924 943 974 liberandos
961 925 1063 991 missus,
1082 925 1304 991 Cortbrginiensee
1324 926 1395 977 Mer·

339 1019 401 1055 rano
412 1005 528 1069 expellit,
547 1013 576 1055 et
592 1005 731 1055 Hieronem
748 1005 836 1069 prelio
848 1007 873 1056 in
885 1004 1043 1057 deditionem
1055 1007 1150 1072 occipit
1162 1007 1262 1073 Appius
1272 1008 1394 1059 Claudios

339 1086 457 1136 Caudex.

348 1205 380 1269 l.
408 1202 551 1267 Arrius
582 1200 795 1279 Chaunum,
821 1201 920 1267 victis
949 1200 1242 1269 Volsiniensibus·
1271 1225 1394 1287 coguo-

305 1314 415 1373 mento
430 1305 569 1371 Caudex
585 1306 708 1384 dictus,
722 1304 820 1370 frater
836 1304 928 1370 Caeci
942 1304 1017 1369 suit.
1060 1305 1092 1369 2.
1116 1304 1242 1371 Consul
1259 1307 1301 1371 ad
1318 1307 1394 1372 Ma·

304 1408 487 1476 mertinosl
504 1407 697 1473 liberandos
716 1407 840 1471 missus
859 1419 919 1486 est,
935 1425 1074 1491 quorum
1094 1427 1204 1473 arcem
1220 1409 1393 1494 Cartbagi-

303 1516 434 1578 nienses
456 1519 489 1576 et
503 1511 623 1588 Hiero,
636 1529 698 1574 rex
713 1509 956 1593 Syracusanus,
971 1508 1177 1576 obsidebant.
1221 1511 1253 1576 3.
1276 1509 1391 1577 Primo

302 1615 346 1680 ad
369 1614 595 1700 explorandos
617 1613 731 1677 hostes
754 1612 871 1677 fretum
893 1612 1073 1696 piscatoria
1092 1632 1178 1678 nave
1197 1613 1337 1698 trajecit,
1356 1625 1391 1680 et

302 1738 377 1782 curo
396 1717 482 1782 duce
503 1716 825 1798 Carthaginiensium
844 1713 922 1796 egit,
935 1721 972 1778 ut
985 1714 1180 1797 praesidium
1197 1736 1274 1781 arce
1290 1717 1391 1782 dedu-

302 1827 396 1884 ceret.
440 1822 473 1886 4.
498 1819 683 1904 Rbegium‘
697 1837 875 1901 regressus,
891 1810 1159 1900 quinqueremem
1175 1820 1318 1885 bostium
1335 1839 1391 1884 co-

301 1925 369 2006 piis
392 1922 601 2005 pedestribus
625 1921 734 2004 cepit:
758 1939 800 1984 ea
821 1919 988 2002 legionem
1009 1920 1043 1984 iu
1065 1920 1212 1985 Siciliam
1233 1923 1392 1988 traduxit.

301 2023 586 2105 Carthaginienses
615 2021 776 2086 Messana
805 2021 944 2105 expulit.
1002 2022 1034 2084 5.
1066 2021 1244 2088 Hieronem
1273 2025 1390 2109 praelio

300 2125 388 2209 apud
415 2126 601 2208 Syracusas
626 2125 660 2187 in
685 2123 885 2187 deditionem
911 2124 1064 2205 accepit3
1094 2127 1149 2207 qui
1176 2145 1217 2190 eo
1242 2129 1390 2211 periculo

300 2228 445 2301 territus,
467 2226 693 2290 Romanorum
714 2225 893 2289 amicitiam
916 2225 1021 2308 petiit,
1043 2226 1151 2307 iisque
1173 2235 1292 2312 posteo
1310 2229 1390 2293 fide·

298 2329 444 2393 lissimus
458 2327 531 2392 suit.

753 2424 933 2445 uennmu

332 2545 400 2594 Car.
412 2557 527 2595 meu.
562 2547 574 2594 l
592 2544 600 2572 ⁸
611 2542 639 2595 J.
650 2556 712 2591 vero
723 2541 860 2605 Grejoniue
871 2541 908 2591 sie
921 2542 1004 2592 loeuro
1017 2539 1151 2591 reotrbrr:
1169 2541 1262 2605 Appius
1273 2543 1385 2595 Claudius

299 2615 448 2672 moenaio
462 2611 568 2659 Caudex.
601 2608 629 2657 lo
645 2608 716 2658 siclis
732 2624 747 2654 o
762 2609 800 2656 dl.
815 2606 897 2657 Fultio
908 2608 997 2668 collega
1011 2605 1193 2656 Volsiniensibus
1202 2611 1282 2658 comi
1292 2614 1322 2657 od
1333 2611 1389 2659 Mo-

300 2677 413 2725 meinos
428 2675 570 2736 liberandos,
589 2672 638 2736 bc!
655 2672 758 2722 Sebott.
797 2670 863 2721 Vide
882 2673 945 2723 Not·
964 2673 1059 2736 Delplr.
1077 2671 1122 2721 inf.
1154 2679 1161 2700 ¹
1180 2671 1256 2722 Victis
1275 2674 1389 2725 Volsinii.

298 2740 366 2792 Haeo
377 2742 427 2789 duo
441 2741 564 2790 rocrbola
575 2740 697 2789 sublesta
709 2736 779 2793 fidoi,
791 2736 832 2802 [ιιι
844 2739 1006 2822 portatorium
1019 2736 1122 2800 Arata]
1134 2746 1178 2786 rut
1191 2748 1247 2800 port
1259 2740 1332 2803 Caeei,
1344 2740 1389 2790 de·

299 2806 359 2855 lotis
370 2805 459 2867 fuitei
472 2815 579 2868 puncto.
590 2807 705 2867 ponendo
717 2804 844 2852 videntur.
871 2801 945 2852 Hori.
976 2804 1039 2852 'l'om
1050 2818 1118 2865 coge.
1136 2803 1238 2853 Caudex
1245 2804 1310 2864 sror.
1328 2805 1388 2856 Alo.

297 2886 365 2934 cogo.
383 2873 463 2920 aedua
471 2869 537 2929 stoi.
558 2870 607 2919 Ed.
626 2884 664 2932 pr.
684 2884 740 2918 cnm
760 2869 863 2931 scriptio
882 2878 908 2917 et
928 2869 1057 2936 plerisque
1077 2867 1135 2917 edd.
1171 2869 1233 2919 Mox
1245 2872 1287 2919 eiii
1306 2870 1389 2931 freter

297 2937 357 2986 dieti
369 2936 491 2986 Cede—i
504 2937 592 2985 Misero
602 2941 638 2984 eol
649 2935 709 2984 ΑΜ.
725 2939 733 2963 ⁴
747 2935 963 2995 Carthaginienses,
975 2949 1024 2983 non
1034 2934 1242 2995 Carthaginenses,
1261 2933 1302 2997 [ut
1315 2939 1387 3001 quiin·

298 3016 348 3064 orte
359 3002 451 3064 tempti
462 3011 491 3050 et
502 3000 616 3064 Veneto]
628 3015 689 3050 reru
701 3009 740 3049 est
753 3001 896 3062 scriptura:
914 3000 956 3046 olii
968 3001 1081 3050 seribere
1095 2999 1189 3064 jubent
1198 3002 1388 3063 Karthaginien·

296 3067 350 3117 ιιι*
362 3066 486 3115 Hirta-e
497 3066 595 3116 Prinas
607 3081 653 3129 pro
663 3066 740 3129 primo
752 3065 816 3113 illos.
828 3080 869 3125 ro.
881 3064 982 3114 Sebott.
994 3074 1021 3113 et
1033 3063 1128 3122 sertum
1140 3079 1186 3125 pro
1196 3066 1289 3124 fretum
1303 3067 1388 3115 ilrun.

297 3146 348 3181 nou
362 3133 523 3188 inconcinne,
535 3131 623 3195 jndice
636 3131 726 3181 Arntr.
760 3130 822 3179 illex
843 3140 954 3193 quatuor
972 3129 1047 3179 codd.
1065 3145 1107 3192 ap.
1122 3130 1212 3179 Arete.
1230 3133 1386 3182 deducerent:

299 3196 347 3246 Ed.
358 3211 398 3257 pr.
414 3199 580 3246 ducerent—i
596 3195 628 3245 'rb
645 3197 747 3245 boetium
765 3197 789 3242 in
809 3194 857 3244 Ed.
877 3209 916 3256 nr.
933 3195 1105 3244 desideratur.
1142 3195 1222 3257 Gopiis
1235 3197 1386 3258 pretertibuo

297 3263 370 3311 Leid.
380 3266 404 3311 2.
438 3262 586 3322 emungens
596 3263 622 3310 in
633 3261 684 3311 Sic.
704 3259 761 3310 did.
783 3262 844 3324 cepit
853 3259 1000 3321 sologiorrm
1013 3259 1062 3310 Ed.
1073 3274 1111 3324 pr.
1123 3273 1180 3307 eum
1193 3276 1261 3309 oron.
1271 3263 1385 3321 serioris.

296 3326 445 3376 Edblrob.
461 3328 656 3387 conlegiorum:
674 3327 787 3374 nonnulii
799 3325 949 3386 legationem.
983 3327 1080 3390 Delpb.
1096 3341 1122 3375 eo
1134 3325 1305 3388 legionem-⁶
1324 3328 1385 3378 Hic·

295 3408 353 3442 roro
365 3407 445 3455 regem
461 3390 522 3442 Ald.
541 3391 672 3455 Syracusae
681 3393 768 3442 οἰσιιιιιι
780 3391 853 3440 leid.
867 3394 889 3439 l.

790 3545 898 3596 Nom

328 3652 339 3676 ¹
359 3643 436 3693 Victis
453 3643 647 3708 Volsiniensibus]
666 3642 718 3694 liic
737 3650 818 3692 trous·
858 3643 1006 3694 Meteonem
1017 3644 1168 3697 incolentes.
1185 3646 1245 3697 Vid.
1257 3647 1324 3696 Flor.
1336 3642 1381 3693 lib.

295 3721 564 3784 positionepercetom
573 3731 628 3771 est:
647 3723 703 3783 lego
713 3735 745 3769 ex
757 3721 820 3769 Vio·
859 3734 898 3770 ιιι.
909 3736 932 3770 o.
945 3726 984 3772 ll.

295 3799 357 3847 toris
369 3799 445 3862 genio
457 3809 484 3847 et
496 3800 610 3850 historia
624 3799 750 3848 veritate:
768 3799 819 3860 An·
890 3806 900 3832 ⁰
918 3798 1049 3863 Rhegium]
1066 3799 1096 3848 ln
1107 3800 1253 3849 Brntioroor
1264 3804 1382 3847 extrema

292 3876 346 3938 pius
362 3879 477 3926 Claudius
493 3884 644 3941 cognomento
664 3877 819 3926 Coudexdic·
860 3882 961 3937 purtee
980 3878 1083 3939 regione
1102 3876 1238 3924 Messene.
1270 3873 1381 3924 Quidum

293 3953 434 4012 ies‚froter
453 3952 820 4012 Coec1'‚eorovouannuoton
861 3960 947 4002 tameo
971 3952 1095 4015 Rhegium
1118 3950 1213 4000 sicilie
1234 3947 1382 4005 rdlrurirse.

292 4032 372 4078 moui
389 4033 420 4079 od
436 4031 594 4081 Mamertinos
613 4031 745 4080 liberandos
764 4031 820 4079 mis·
860 4045 917 4079 oum
930 4030 1002 4080 earb
1014 4029 1091 4078 ltolir
1101 4027 1222 4082 dirriloit,
1237 4025 1381 4092 diligentio-

286 4111 387 4153 euoert.
860 4104 1075 4159 oimeoouotrrit.

325 4176 524 4247 bMourertinor]
551 4183 582 4232 ln
605 4183 704 4246 Sicilia,
730 4185 818 4233 urbrrn
