3022 5026
484 375 663 428 usaussu
688 378 898 428 usurario.
1201 365 1245 434 ll

152 526 210 590 illa
247 525 436 591 conferrent
464 522 604 609 aliquid,
633 544 750 600 necue,
785 546 898 591 eorum
933 526 1124 592 numinibus
1160 527 1245 592 alie-

150 628 271 712 nisque
297 626 513 693 membribus
542 631 643 710 utque
672 628 882 708 ornamentis,
912 634 1084 711 tanquam,
1121 634 1158 694 ut
1193 635 1246 696 est

150 733 185 797 in
218 733 345 809 fabula,
372 731 516 816 pavonis
543 731 674 815 pennis,
706 730 877 814 superbire
914 733 1119 814 potuissem:
1151 741 1188 799 at
1208 733 1245 800 id
1380 747 1385 753 “

150 835 263 917 nolui3
294 855 359 900 nec
389 834 569 900 lectoribus
597 833 682 898 meis
710 833 797 899 utile
831 834 903 899 fore
928 833 1020 899 duxi.
1075 834 1244 903 Interdum

150 938 286 1024 quidem
312 938 545 1003 lubentissime
571 955 682 1001 essem
706 937 835 1003 diutius
855 937 891 1001 in
918 937 1131 1020 expositione
1152 936 1244 1004 loce-

150 1060 224 1106 rum
240 1041 449 1124 quorundam
468 1045 704 1117 commoratus,
725 1047 782 1105 unt
802 1038 975 1104 historiam
997 1038 1102 1104 latins
1127 1040 1243 1124 expla-

150 1164 286 1210 nassem
312 1155 370 1210 aut
398 1145 539 1209 alierum
569 1143 775 1208 excitassem
803 1143 1022 1221 sententiam3
1056 1161 1086 1206 e.
1110 1161 1141 1224 g.
1169 1162 1246 1226 quse

150 1235 194 1311 ad
210 1267 286 1330 cap.
300 1248 354 1313 25.
376 1246 552 1330 Epitomes
564 1246 798 1311 illustrandum
813 1246 933 1311 Christ.
949 1244 1057 1310 Gottl.
1074 1245 1244 1312 Schwarz.

150 1352 319 1435 professor
335 1351 503 1433 quondam
515 1347 735 1428 Altdorfinus,
750 1350 784 1413 in
794 1348 888 1413 Diss.
904 1347 968 1413 fde
979 1347 1165 1412 Maximino
1180 1348 1243 1413 im·

148 1472 219 1537 per.
234 1453 276 1519 ad
291 1452 478 1518 illustranti.
489 1452 709 1535 fragmentum
721 1452 841 1517 veteris
853 1450 1083 1534 inscriptionis
1093 1450 1242 1534 OEringae

149 1573 257 1640 nuper
282 1554 473 1641 repertum,’
494 1553 642 1621 Altderl.
665 1554 762 1622 1741.
788 1555 889 1619 docte
912 1553 1104 1637 scripserat,
1132 1560 1167 1619 et
1190 1554 1244 1620 sic

148 1659 290 1742 saepius.
333 1657 572 1725 arverriano
598 1657 710 1721 fierem
731 1657 826 1742 Justo
849 1656 1015 1739 copiosior
1039 1662 1074 1718 at
1098 1660 1243 1723 emtores

145 1760 357 1835 deterrerem,
369 1760 461 1826 nolui
477 1779 520 1825 ea
534 1757 684 1824 studiose
696 1758 861 1840 anxieque
876 1757 1072 1839 conquirere
1086 1764 1122 1820 et
1132 1756 1243 1832 fusius

148 1882 330 1946 exponere.
351 1863 407 1928 Ex
420 1863 530 1928 iudice
540 1861 685 1947 denique
695 1860 944 1945 copiosissimo,
956 1878 1052 1943 quem
1067 1857 1242 1925 Grunerus

148 1963 319 2048 adjecerat
332 1984 403 2031 suar
416 1963 568 2043 editioni,
582 1984 624 2030 ea
638 1966 816 2042 vocabula,
839 1982 918 2049 quae
941 1963 1092 2027 homines
1108 1968 1168 2026 aut
1189 1979 1243 2029 res

146 2068 429 2134 memorabiliores
453 2066 643 2149 designaut,
668 2073 725 2131 aut
738 2067 860 2151 quibus
875 2064 1049 2131 addiderat
1063 2064 1119 2128 ille
1134 2064 1242 2148 expli-

146 2171 326 2248 cationem,
341 2190 384 2235 ne
398 2170 484 2235 liber
497 2170 585 2234 mole
599 2175 776 2247 cresceret,
789 2169 922 2252 sibique
937 2168 1024 2251 ipse,
1041 2173 1100 2232 aut
1112 2166 1242 2231 rerlemd

146 2274 212 2338 teri
226 2291 268 2338 ea
281 2279 427 2350 noceret,
443 2271 671 2337 tantummodo
683 2272 824 2337 servari.
870 2270 1042 2356 Quicquid
1054 2281 1116 2347 est,
1130 2269 1160 2333 si
1175 2267 1243 2333 hae

146 2372 290 2439 editione
299 2375 413 2458 plures
425 2393 478 2438 me
492 2376 664 2439 excitasse
676 2393 859 2457 cognovero
869 2373 913 2437 ad
924 2392 1066 2438 amorem
1077 2378 1110 2436 et
1123 2371 1241 2437 borum

145 2476 345 2555 libellorum,
359 2484 396 2541 et
410 2495 488 2542 rere
501 2475 611 2541 omnis
626 2475 775 2541 historia
791 2477 953 2559 autiquae,
968 2494 1046 2559 quae
1062 2477 1096 2539 in
1111 2473 1241 2540 scholis

145 2579 249 2645 multe
264 2581 371 2662 magis
382 2578 569 2644 necessaria
582 2579 668 2644 scitu
679 2586 778 2663 atque
787 2579 979 2662 diligentius
989 2575 1242 2662 interpretanda

145 2686 209 2756 est,
222 2700 321 2765 quam
344 2681 545 2766 quibusdam
565 2681 714 2765 antiques
737 2680 914 2764 sapientiae
938 2678 1064 2763 ignaris
1090 2678 1241 2762 ideoque

146 2781 273 2865 ineptis
287 2784 442 2848 osoribus
457 2784 600 2862 videtur,
610 2791 646 2848 et
660 2782 759 2868 cujus
774 2785 872 2868 plena
881 2789 1079 2867 maturaque
1090 2781 1239 2864 cognitio

145 2885 250 2950 multo
265 2886 341 2969 plus
357 2885 449 2951 valet
468 2886 513 2952 ad
539 2886 683 2952 suturam
705 2890 739 2952 et
762 2904 968 2952 communem
984 2885 1172 2959 utilitatem,
1193 2879 1242 2955 ad

77 3027 82 3035 -
144 2988 290 3053 nominis
305 2988 434 3055 landem
448 2997 485 3054 et
506 2989 549 3054 ed
572 2991 738 3056 literarum
764 2987 933 3064 honorem,
948 3004 1048 3070 quem
1071 2983 1182 3049 frivoli
1203 2990 1241 3053 et

144 3089 246 3172 lepidi
260 3090 454 3176 illepidique
468 3092 525 3157 isti
538 3090 658 3168 libelli,
667 3092 725 3175 qui
741 3090 841 3154 bodie
856 3099 935 3154 sunt
948 3087 1122 3164 innumeri,
1134 3095 1240 3174 atque

145 3199 358 3277 corrumpunt
367 3194 546 3257 multorum
558 3191 823 3257 adolescentium
834 3189 981 3254 animum
995 3189 1239 3274 ingeniumque,
1357 3268 1361 3275 ¹

145 3294 230 3357 satis
245 3294 393 3375 amplum
415 3293 543 3358 laboris
565 3291 709 3359 fructum
734 3311 788 3357 me
811 3292 1006 3377 percepisse
1020 3291 1238 3363 existimabo.

145 3397 246 3476 Quod
262 3397 436 3462 Grunerns
446 3398 480 3461 in
494 3395 689 3480 praesatione
699 3414 765 3460 sua
773 3395 816 3461 de
828 3395 943 3461 horum
955 3396 1146 3463 libellorum
1159 3418 1239 3467 auc·

145 3498 288 3577 toribus,
303 3517 390 3582 quos
405 3500 540 3565 omnino
561 3499 675 3584 plures
689 3519 732 3565 ae
748 3499 900 3568 diversos
914 3499 1021 3567 suisse
1036 3501 1178 3586 quilibet
1191 3520 1238 3571 ex

143 3602 302 3668 orationis
316 3606 349 3668 et
362 3604 558 3670 narrationis
566 3605 685 3684 forma,
695 3604 824 3670 ratione
838 3623 880 3670 ac
890 3604 1085 3671 diversitate
1096 3625 1238 3687 coquos

143 3713 206 3784 cet,
223 3705 444 3789 intelligenter
466 3708 676 3792 breviterque
703 3715 785 3791 post
798 3708 888 3774 alios
901 3708 1067 3783 disseruit,
1082 3726 1239 3788 magnam

141 3808 233 3874 illius
248 3817 379 3893 partem
394 3810 429 3876 iu
443 3809 508 3876 bac
522 3811 665 3877 editione
679 3819 832 3895 repetere
847 3811 963 3891 rolui3
986 3811 1021 3875 id
1041 3809 1237 3890 lectoribus,

140 3912 312 3995 praecipue
322 3911 525 3997 junioribus,
534 3914 630 3991 iisse,
639 3914 698 3997 qui
713 3912 922 3979 Grnnerianu
937 3918 1053 3978 curent
1064 3913 1235 3996 exemplo,

142 4013 234 4078 hand
263 4016 425 4098 ingratum
455 4016 527 4084 sere
551 4015 741 4084 arbitretur.
784 4015 859 4082 Ser.
885 4013 918 4081 d.
947 4029 1020 4079 xx·
1045 4013 1237 4100 septembr.

144 4133 480 4188 erntnccuxxxvtt.
