3022 5026
294 337 340 407 98
589 352 702 404 ssx'rr
725 351 885 403 suannrr
910 350 1084 402 vrorum

295 519 361 567 mee
376 497 531 586 spectem
544 503 645 582 caput
666 497 740 582 ejus
762 495 920 582 amplexa
933 502 995 564 est.
1036 499 1069 564 2.
1091 497 1170 565 Hoc
1185 496 1382 567 risnTaua·

202 603 207 613 '
295 603 367 690 quil
389 620 549 668 summam
574 600 765 682 dignitatem
790 601 943 685 portendi
964 601 1140 666 intellexit.
1181 601 1214 668 3.
1238 601 1381 687 Conjugi

295 708 411 784 euasit,
426 711 465 771 ni
480 706 530 770 ita
544 725 630 782 eum,
644 716 682 769 ut
696 705 817 769 liberos
833 724 924 777 snos,
943 701 1125 769 educaret.d
1165 707 1198 771 4.
1220 703 1289 784 Qui
1304 726 1381 772 cum

297 810 510 886 adolevisset,
522 827 619 891 gener
639 806 860 890 a'l'arquinio
883 815 1052 871 assumtus
1073 815 1144 873 est:
1166 816 1212 886 et,
1234 827 1307 873 cum
1322 826 1382 873 rex

295 913 429 976 occisus
444 918 546 988 esset,
557 909 725 992 Tanaquil
741 927 784 972 ex
798 909 914 973 altiom
930 909 1027 974 loco·
1042 910 1085 973 ad
1101 911 1259 995 populum
1270 911 1383 997 despi-

296 1014 399 1091 ciens,
414 1013 473 1089 uit,
489 1012 641 1076 Priscum
656 1011 745 1093 gravi
760 1010 903 1094 quidem,
918 1010 977 1075 sed
994 1031 1060 1076 non
1074 1011 1166 1077 letali
1183 1013 1314 1078 vulnere
1328 1033 1381 1080 ac·

296 1124 409 1200 cepto,
425 1119 548 1198 petere,
572 1121 610 1177 ut
633 1113 775 1193 interim,
799 1113 877 1177 dum
902 1114 1122 1195 convalescit,
1137 1115 1255 1182 Servio
1269 1115 1382 1181 Tulllo

295 1217 387 1282 dicto
401 1211 727 1282 audientes‘essent.
769 1218 803 1281 5.
824 1216 961 1282 Servius
970 1216 1103 1281 Tullius
1118 1219 1215 1300 quasi
1231 1219 1382 1301 precario

295 1337 431 1403 regnare
446 1320 571 1402 coepit3
587 1317 645 1382 sed
662 1323 749 1382 recte
763 1318 935 1401 imperium
953 1317 1201 1384 administravit.
1224 1321 1255 1383 6.
1269 1319 1383 1384 Etrus·

295 1441 354 1486 cos
381 1440 473 1506 saepe
502 1420 646 1485 domuit:
675 1419 793 1492 collem
817 1418 1020 1499 Quirinalem
1046 1427 1080 1486 et
1105 1419 1329 1487 Viminalem⁸
1350 1429 1382 1488 et

295 1519 489 1609 Esquiliash
503 1521 589 1589 Urbi
604 1521 742 1602 addidit,
758 1542 906 1606 aggerem
920 1522 1099 1607 fossasque
1111 1519 1211 1591 fecit.¹
1256 1523 1289 1590 7.
1314 1522 1382 1590 Ρο-

748 1667 926 1690 onmem

299 1755 412 1814 Orretiae,
431 1755 553 1812 Oeerisic,
569 1755 732 1806 offatim-2
744 1754 798 1805 Hoc
813 1755 863 1805 cieo
884 1755 942 1805 Tus.
956 1771 1072 1807 unsara
1082 1756 1105 1808 ei
1115 1757 1182 1822 dign.
1201 1754 1261 1806 Atu.
1281 1755 1380 1807 Scitott.

298 1820 395 1871 Gscsb.
406 1823 498 1885 Delph.
510 1820 597 1871 Pitisc.
631 1821 779 1870 Pronomen
791 1821 842 1869 del.
853 1822 941 1871 Arnts.
972 1822 1036 1872 Mox
1048 1823 1162 1885 iutelligit
1172 1821 1281 1884 Agrion.
1291 1821 1381 1870 cod.—

295 1889 312 1936 d
327 1887 378 1937 Pru
388 1888 429 1950 qsi
439 1887 595 1936 mustene
611 1901 706 1949 esuque
724 1885 824 1935 Schott.
836 1884 931 1935 Gsesb.
948 1886 1040 1951 Deiels.
1058 1888 1150 1938 Pitisc.
1165 1894 1173 1916 ³
1186 1888 1224 1937 lis
1234 1887 1317 1936 altiori
1327 1889 1383 1936 ben.
1449 1940 1451 1944 Α

295 1952 377 2000 Dolet
388 1952 463 2001 lrssce
475 1965 550 2000 roces
562 1951 676 2001 Granum.
693 1952 779 2000 sotus:
798 1958 888 2000 coutrs
899 1966 930 1999 ea
939 1952 1020 2002 altiori
1030 1953 1107 2003 hebet
1118 1952 1189 2002 leid.
1205 1957 1227 2001 l.
1239 1953 1338 2001 Boend.
1353 1959 1382 2001 et

296 2016 373 2064 Fran.
388 2016 449 2079 [Ed.
467 2015 592 2130 nahem
610 2018 719 2064 vetustis
735 2015 811 2075 aun..
827 2029 906 2078 qnare
924 2019 1030 2067 omnino
1046 2019 1086 2067 ttae
1107 2032 1182 2066 rocos
1199 2018 1318 2066 delenda
1329 2032 1380 2067 uos

296 2080 373 2129 sunt!
384 2084 470 2129 Aesis.
532 2095 565 2130 os
577 2080 687 2130 Priscsst
705 2079 1046 2143 commereamur.
1064 2082 1161 2133 Gaesi.
1181 2082 1275 2145 Delph.
1289 2083 1379 2134 Pitisc.

296 2145 448 2208 Tarquinium
467 2143 519 2192 del.
544 2147 756 2192 mutassemus
777 2144 877 2193 Schutti
897 2143 972 2193 codd.
1000 2147 1091 2208 qulbus
1114 2148 1285 2208 astipulentur
1303 2147 1381 2197 Fran.

296 2208 395 2258 Boend.
415 2218 440 2258 et
455 2207 536 2272 bugd.
548 2213 572 2258 8.
584 2223 641 2257 cum
658 2211 739 2272 antiq.
757 2207 798 2255 ed.
832 2208 965 2257 Preteres
981 2213 1148 2260 sonuissent
1164 2210 1212 2261 Ed.
1224 2226 1263 2273 pr.
1275 2226 1333 2275 qna
1343 2213 1382 2274 sq?

294 2273 450 2322 dictes-eret.
474 2271 702 2322 VideNott.Vsr.
729 2272 833 2336 Masp.
849 2273 948 2322 Scitott.
967 2276 1029 2322 dicto
1045 2275 1202 2324 coaudientes.
1230 2275 1297 2324 lllud
1315 2277 1379 2325 dieu

296 2352 347 2386 uun
359 2344 500 2400 agnoscunt
511 2352 575 2385 unns
590 2345 616 2386 et
628 2338 694 2385 slter
707 2351 721 2384 e
735 2337 798 2384 tter.
817 2336 965 2388 Arntsenll:
984 2337 1067 2401 Lnga.
1086 2354 1145 2387 sero
1159 2342 1180 2388 l.
1207 2339 1289 2389 Seruio
1302 2340 1380 2390 liuto

295 2403 358 2451 dicto
369 2403 556 2452 obedientem-i
567 2402 687 2451 Schottus
699 2402 796 2451 mavult
809 2401 835 2448 in
847 2405 962 2464 margine
974 2403 1015 2453 Its
1024 2403 1091 2453 Seru.
1102 2405 1163 2453 Tull.
1196 2403 1250 2452 Pro
1266 2406 1381 2455 admisis-

295 2469 369 2516 trnrit
381 2475 541 2530 representet
559 2467 705 2515 ministrasit
717 2467 766 2515 Ed.
785 2480 824 2529 pr.
836 2475 863 2515 nt
875 2476 900 2515 et
916 2468 1013 2516 Boend.
1030 2469 1104 2518 Frsn.
1123 2476 1149 2517 et
1167 2476 1278 2532 uterque
1298 2471 1380 2534 bugd.

295 2544 337 2595 sp.
353 2532 441 2581 Aruts.
459 2533 596 2581 ‘Etruscos
616 2532 723 2580 Rursum
736 2531 902 2594 perturbatus
918 2533 989 2590 ordo,
1007 2548 1081 2598 quern
1095 2532 1226 2584 iohannes
1239 2534 1379 2597 Grejunius

298 2597 336 2646 sic
350 2599 523 2660 reponendum
542 2599 651 2659 putuit,
662 2597 726 2646 Livii
746 2598 923 2646 anctoritstem
941 2608 1058 2649 secutus:
1080 2600 1193 2648 Etruscos
1203 2613 1264 2662 sape
1278 2601 1381 2652 domuits

293 2664 402 2726 mulsa
411 2663 436 2712 is
447 2668 548 2725 qsstsor
561 2662 638 2712 tritus
656 2661 793 2711 distribuit:
810 2663 895 2711 elneus
904 2666 1077 2726 eatsrissqse,
1090 2679 1220 2723 neumas,
1236 2670 1260 2714 et
1274 2667 1378 2729 eosdm

294 2720 426 2777 cdsstituil.
460 2729 548 2776 Goliens
560 2727 741 2783 Quiriseierset
757 2726 939 2790 Vicilini-,et
957 2729 1074 2791 Esquilias
1090 2730 1143 2778 urii
1161 2730 1263 2778 eddidit.
1297 2730 1379 2791 Agge·

294 2793 545 2858 rensossusqsesecil,
555 2797 642 2906 saffo
653 2791 716 2856 ptett
725 2792 847 2841 distribuit
855 2808 979 2842 mosum.
995 2794 1135 2844 latinorum
1143 2796 1291 2858 pessimis·
1308 2797 1332 2847 N
1336 2797 1380 2846 iitll

297 2866 470 2914 temenrnutu.
486 2857 568 2907 fretus
615 2873 648 2907 ss.
667 2856 759 2907 tibris!
775 2855 915 2908 Scisti-d
925 2859 959 2907 Et
976 2859 1116 2909 Vinisslem
1126 2860 1194 2909 delet
1214 2859 1312 2909 Boend.
1345 2863 1380 2912 El

348 2924 418 2973 sities
430 2924 456 2972 in
468 2923 585 2972 Parisino
595 2922 709 2984 sirersnt,
721 2928 788 2972 teste
798 2923 896 2973 Schutt.
929 2923 1037 2986 ‘Neque
1049 2926 1164 3038 sfnorcit
1176 2925 1220 2974 hss
1232 2926 1293 2974 dnss
1306 2941 1380 2977 voees

295 2992 319 3036 et
353 2989 450 3052 equitius
464 2988 583 3039 Grsmm.
602 2987 658 3037 eod.
689 2988 755 3037 'l'res
774 3001 836 3037 sero
854 2988 971 3066 scribunt
992 2989 1124 3054 sseqriira
1155 2989 1217 3038 Vid.
1235 2992 1330 3057 Dausq.
1347 2991 1380 3040 de

296 3052 421 3118 Ortum.
433 3061 500 3120 pert.
511 3068 543 3105 ss.
555 3067 614 3118 ρας.
625 3051 691 3104 tua'
701 3051 817 3104 Antres.
845 3054 955 3119 &erius
964 3055 1029 3119 legit
1040 3056 1090 3106 Ed.
1102 3070 1140 3120 pr.
1167 3056 1313 3119 ‘mm
1324 3056 1381 3108 lle·

327 3265 338 3291 e
356 3258 469 3308 Flussrrrae
478 3258 576 3323 species]
592 3257 660 3308 Vide
678 3273 734 3324 qne
750 3257 817 3324 apud
858 3273 949 3323 ponam
959 3258 975 3309 :⁸
991 3259 1034 3310 ubi
1052 3260 1116 3310 diets
1131 3260 1193 3309 nihil
1207 3259 1275 3310 sliud
1287 3260 1382 3325 signifi·

295 3334 401 3386 Florum
411 3335 481 3386 diets
492 3343 552 3387 runs
564 3348 622 3399 esp.
632 3339 658 3384 o.
858 3343 918 3386 cent
929 3351 1003 3400 qussi
1015 3349 1140 3385 summam
1150 3336 1294 3398 imperium.

327 3409 390 3461 *Ue
408 3412 492 3460 liberos
506 3426 570 3475 sess,
588 3411 707 3476 educeret]
727 3410 758 3461 ld
769 3425 817 3460 unu
888 3413 1006 3460 scortea
1024 3412 1172 3469 Quirinalem
1190 3418 1214 3461 et
1230 3411 1382 3476 Vinissless]

296 3486 374 3536 serbo
386 3488 477 3538 Latine
486 3488 593 3538 dicitur*
604 3487 745 3539 liberaliter
755 3488 818 3537 edu·
857 3485 945 3538 Livius
956 3501 975 3537 1.
985 3491 1026 3536 ts.
1040 3487 1137 3537 ‘Addit
1146 3489 1210 3538 dnos
1220 3490 1307 3549 eolles,
1319 3488 1381 3539 unt·

295 3565 374 3614 esre.'
858 3564 964 3613 riualem
980 3564 1192 3630 Vintiuslemque.
1225 3565 1290 3615 Iuda
1310 3564 1381 3614 dcin-

327 3642 397 3692 ‘Es
416 3642 500 3690 cuiun
519 3640 579 3704 leco]
606 3642 663 3691 'Es
686 3642 818 3705 superiore
858 3648 1013 3702 cepssuqet
1030 3640 1167 3703 Esquilias.
1202 3639 1294 3702 Ibique
1313 3640 1381 3702 ipss,

294 3727 369 3780 carta
380 3717 472 3770 adlata
490 3734 537 3782 per
553 3717 677 3768 fenestrae
690 3719 715 3767 in
727 3733 817 3767 norem
858 3723 887 3764 st
903 3715 1082 3779 locedignitss
1098 3713 1182 3774 ieret,
1196 3712 1318 3762 hebitsts'
1336 3713 1381 3764 ubi

295 3795 361 3844 siem
379 3808 467 3844 serm
482 3793 629 3859 (habitabat
646 3794 713 3842 enlrn
729 3808 773 3844 res
785 3793 818 3843 sd
859 3792 993 3853 legendnm
1007 3792 1108 3842 videtur
1123 3790 1299 3853 Indedeirscsps
1308 3795 1381 3850 suget

293 3868 367 3920 doris
378 3868 500 3934 Statoris)
511 3871 632 3934 pupulum
646 3869 769 3935 'l'snsqnll
783 3871 819 3920 sl·
859 3869 990 3935 Esquiliis:
1006 3869 1032 3918 ld
1047 3870 1112 3918 ratio
1127 3875 1154 3915 et
1170 3867 1309 3916 auctoritas
1323 3880 1381 3917 sus·

295 3944 426 4008 loquitur!
445 3947 540 3996 Livius.
857 3948 930 3997 dent.
962 3946 1051 4006 Addit,
1080 3944 1172 4008 inquit,
1198 3942 1262 3992 Urbi
1289 3946 1380 3994 collem

328 4020 338 4054 ¹
351 4022 563 4086 Dietcssdiestes]
579 4021 667 4083 ldsst,
678 4021 819 4085 ‘imperio-¹
857 4024 1010 4073 Viminstem
1020 4020 1223 4079 ethtrinslern3
1238 4021 1297 4069 inde
1308 4022 1380 4071 dein·

296 4096 361 4146 lude
371 4100 492 4150 dictator.
524 4100 559 4149 Et
570 4100 664 4164 virgil.
677 4099 702 4148 in
715 4099 817 4150 AEneid.
857 4113 919 4164 ceps
931 4099 1027 4149 Urbem
1040 4103 1117 4158 suget
1129 4096 1259 4160 Esquiliis.

298 4185 337 4222 vr.
360 4174 434 4224 ‘liic
456 4190 504 4239 ego
527 4189 635 4240 nemque
658 4185 715 4226 tnss
735 4185 817 4226 sortes
889 4173 1049 4240 hEsquilias]
1067 4173 1141 4221 iton·
1161 4172 1309 4237 Esquilinus
1327 4175 1381 4228 dic·

296 4263 441 4316 arcensque
469 4251 524 4304 ists
551 4253 629 4302 Dicte
656 4267 720 4304 mea
747 4253 818 4320 genti
858 4260 900 4304 tus
927 4251 996 4317 qnod
1024 4248 1140 4301 excubia
1167 4249 1205 4302 iii
1232 4261 1380 4316 egerentur.
