3022 5026
362 345 412 394 nn
436 341 540 395 virere
563 343 819 397 renueremus
843 345 927 396 neu.
951 345 1057 394 nxrv.
1192 330 1257 399 lul

163 489 234 566 lia,¹
257 509 334 575 quae
355 508 401 554 ex
418 487 525 554 Attuli
545 485 762 555 haereditateh
785 496 867 567 erat,
890 487 1059 574 ageretur,¹
1079 495 1111 556 et
1132 492 1258 576 populo

164 591 378 657 divideretur.
420 594 453 656 6.
476 592 608 657 Deinde
632 610 711 657 cum
736 610 915 675 prorogare
940 593 1006 657 sibi
1031 589 1257 677 potestatemk

165 693 276 772 vellet,
292 693 445 759 adversis
465 693 626 780 auspiciis
645 695 680 758 in
700 691 869 777 publicum
886 694 1060 778 processit,
1075 696 1258 780 statimque

164 791 367 882 Capitolium
382 798 491 881 petiit,
505 816 640 863 manum
655 795 699 861 ad
714 803 819 880 caput
833 795 975 860 referens
984 793 1009 877 ;1
1033 816 1100 881 quo
1115 799 1258 863 sulutem

165 918 258 964 suem
274 899 406 984 populo
423 898 689 966 commendabat.
730 901 763 965 7.
786 899 867 964 Hoc
882 899 1038 965 nobilitas
1051 901 1098 963 ite
1112 901 1260 983 accepit,

165 1003 264 1085 quasi
292 1001 449 1067 diadema
476 1008 654 1086 posceret:
688 1003 897 1087 segniterque
926 1007 1079 1068 cessante
1109 1001 1258 1070 Muciom

166 1105 314 1182 consule,
338 1104 455 1190 Scipio
477 1104 618 1184 Nasica,
636 1106 733 1188 sequi
755 1125 792 1170 se
810 1106 929 1189 jussis,
950 1106 1009 1190 qui
1029 1105 1157 1172 salvam
1178 1126 1259 1173 rem·

165 1210 247 1292 pub.
263 1207 411 1287 vellent,¹¹
431 1206 619 1273 Gracchum
639 1209 673 1271 in
689 1205 896 1290 Capitolium
911 1214 1108 1292 persecutus
1123 1229 1259 1293 oppres-

166 1313 221 1376 sit.
258 1310 290 1377 8.
312 1303 420 1395 Cujus
433 1330 556 1396 corpus
570 1310 720 1375 Lucretii
736 1310 845 1375 aedilis
859 1330 958 1374 manu
973 1312 1005 1374 iu
1020 1310 1167 1375 Tiberim
1181 1313 1259 1377 mis·

167 1434 260 1495 sum;
289 1413 377 1479 unde
401 1414 460 1479 ille
486 1413 641 1498 Vespillo
666 1412 800 1478 dictus.⁰
848 1415 880 1479 9.
903 1412 1037 1479 Nasica
1061 1421 1099 1480 ut
1125 1414 1259 1481 invidiae

166 1516 421 1597 subtraheretur,
435 1537 493 1602 per
513 1517 661 1602 speciem
680 1515 860 1601 legationis
875 1516 908 1580 iu
924 1515 1066 1581 Asiamp
1086 1517 1260 1600 ablegatus

166 1625 242 1686 esta

623 1716 803 1739 oeoouoemo

166 1800 274 1850 ‘Aliter
290 1801 508 1862 inlinendum,
524 1807 551 1852 at
561 1818 592 1853 ex
602 1818 630 1853 ea
644 1804 753 1865 pecunia,
768 1817 821 1866 pru
835 1770 874 1860 de,
889 1803 930 1860 de.
947 1806 1108 1865 praepostere
1125 1803 1260 1854 collocatio

166 1866 720 1989 littr'ill'iul'lltillut.
732 1869 805 1982 ‘¹:53
818 1865 1262 1984 dtlr.⁹l:.uttll..⁸⁰lttt

160 1996 269 2055 fmilia,
279 2011 332 2061 aaa
341 1997 371 2045 de
381 1949 471 2057 Atteliq,
481 1966 643 2061 tranupoeliia
654 1998 709 2048 aine
721 1968 799 2047 dublo
807 1967 1049 2060 praepositionibus:
1065 1967 1260 2062 Deinde-erlem

168 2063 279 2123 priecaru
297 2075 355 2111 cum
372 2063 488 2111 omuibus
504 2062 565 2114 edd.
575 2071 603 2114 et
613 2064 679 2114 Mer.
695 2063 833 2113 lectionem
845 2062 992 2112 reducimur
1002 2067 1026 2112 et
1036 2064 1136 2126 populo3
1154 2062 1222 2128 quod
1234 2063 1261 2115 iu

166 2132 194 2177 ut
204 2136 348 2178 mutaverat
355 2126 497 2178 Seruum!
507 2127 643 2178 Arata-tl
659 2127 774 2191 Sequenti
785 2142 847 2177 aean
858 2129 926 2177 uellet
935 2128 999 2177 Mea.
1010 2142 1052 2191 ap.
1062 2129 1159 2178 Schott.
1176 2130 1261 2178 adrer-

166 2204 206 2241 eru
222 2194 328 2256 euspicio
345 2192 455 2242 Mediol-
494 2191 568 2242 lut'ra
586 2194 653 2257 ‘aaa
672 2195 772 2244 anteum
788 2193 871 2242 minna
890 2200 962 2242 recte
977 2192 1037 2241 edd.
1055 2193 1141 2244 Maeli.
1154 2202 1182 2242 et
1192 2191 1263 2243 Ala:

166 2258 301 2308 Arata-i
313 2258 455 2309 Poscereter
465 2257 525 2307 Ala.
542 2259 623 2308 Metio
633 2257 682 2308 Ed.
694 2274 732 2319 pr.
745 2257 806 2307 Ald.
818 2272 876 2321 quar
889 2258 983 2307 liabent
995 2256 1063 2307 infra
1072 2274 1099 2306 ee
1107 2258 1194 2320 jussit,
1203 2260 1261 2322 qui:

167 2321 216 2370 Ed.
234 2337 273 2387 pr.
287 2323 365 2373 etiarn
385 2324 559 2387 qei...rellet.
593 2323 666 2373 laid.
686 2327 711 2373 ι.
727 2323 828 2373 salutern
843 2322 903 2383 reip.
919 2322 1013 2372 mdest-
1043 2322 1111 2373 Turn
1123 2329 1263 2386 proteratur

89 2414 100 2425 .
166 2386 806 2452 uterqueLeid.-8Verbal.acretie'AEditieeroae
823 2387 850 2436 iu
865 2388 915 2438 Ed.
934 2403 974 2452 pr.
985 2387 1175 2438 deriderentur.
1209 2388 1262 2441 Vie-

165 2453 296 2566 mlodld.
327 2452 438 2518 lliapiltio
456 2455 506 2505 Ed.
521 2469 560 2520 pr.
577 2460 688 2520 uterque
699 2451 774 2504 Leid.
784 2460 813 2504 et
823 2452 1126 2516 Beneuentanum.
1157 2452 1261 2518 Vespillo

656 2630 767 2683 No'l'AE

200 2729 211 2764 ι
229 2719 511 2786 Desaarilioffiafm]
523 2721 596 2770 Beue
607 2735 624 2770 a
635 2720 697 2770 riria
767 2719 780 2754 ¹
796 2720 953 2784 Potestatem]
971 2719 1150 2769 Tribunatum.
1183 2720 1263 2770 ‘Tib

169 2796 325 2872 drepieaimie
345 2805 473 2861 notatum,
495 2811 585 2847 rocem
601 2795 696 2847 ‘serui
735 2794 880 2860 Gracchus,
890 2796 958 2860 qnod
975 2797 1066 2847 ilerum
1080 2794 1196 2845 tribunus
1208 2795 1263 2857 ple·

168 2873 244 2924 liam'
261 2872 697 2936 aveteribuajurlecousultiananr-
736 2869 774 2921 bia
796 2869 853 2922 rieri
873 2872 963 2935 vellet,
981 2870 1101 2922 cecinna*
1134 2869 1261 2923 clocula

168 2959 269 3014 petam,
279 2965 329 3014 qua
343 2949 479 3014 pecorum
495 2954 523 2997 et
539 2961 640 2998 omnem
652 2945 697 2997 bo·
737 2948 816 2998 Catil.

168 3041 260 3077 uorum
271 3026 439 3076 rabateutiaur
452 3023 648 3088 siguificareutr
667 3029 697 3074 ut
768 3020 893 3073 *Μυκη
913 3027 945 3074 ed
965 3028 1037 3087 rapat
1057 3022 1170 3086 reserere]
1193 3023 1263 3074 Flos.

168 3102 195 3152 iu
216 3117 269 3153 ιιι.
291 3103 385 3153 tabulis
411 3101 562 3167 ‘proximae
586 3105 697 3163 aguatna
736 3096 892 3148 ibid‘lude
910 3113 968 3148 cum
985 3099 1011 3147 in
1024 3098 1182 3159 Capitolium
1202 3113 1261 3162 pro·

168 3179 291 3231 familiam
303 3180 407 3231 habeto.
440 3177 558 3230 Gentiles
574 3174 697 3227 seruilium
737 3171 857 3237 inpleret,
869 3174 1024 3238 plebemque
1041 3172 1073 3224 ad
1087 3171 1262 3225 defensionem

169 3254 333 3306 erclacuuth
363 3257 399 3306 Et
408 3255 477 3319 apud
488 3255 596 3304 Terent.
608 3251 698 3302 Heau·
737 3249 829 3298 eelutie
856 3263 918 3307 sue,
939 3263 1014 3298 meua
1041 3257 1122 3314 caput
1144 3257 1262 3316 tangens,

169 3339 225 3381 tun.
246 3338 298 3382 act.
318 3345 345 3380 v.
362 3345 399 3380 ac.
416 3335 440 3380 1.
461 3329 578 3380 ‘Decem
596 3327 697 3379 dierum
737 3323 893 3380 hortaretur,
906 3325 1018 3389 praebuit
1029 3325 1144 3390 speciem
1156 3340 1262 3391 reguum

169 3406 213 3456 rix
225 3405 286 3454 mibi
298 3414 340 3454 eet
350 3402 467 3455 familia!
735 3401 788 3451 'albi
805 3407 833 3452 et
842 3401 961 3452 diadema
976 3403 1120 3465 poscentia,
1137 3411 1216 3468 atque
1227 3404 1264 3455 ita

202 3482 305 3532 lAttuli
313 3481 413 3545 bared]
422 3481 507 3532 Atlell
516 3478 645 3532 haeredem
656 3478 697 3531 l'u·
737 3479 803 3530 duce
821 3479 944 3543 Scipione
966 3478 1072 3540 Nasica,
1088 3480 1218 3530 concitato
1235 3480 1263 3532 ln

170 3560 222 3608 iere
234 3559 308 3609 Rom.
320 3556 442 3625 populum
454 3567 542 3609 uotum
554 3565 605 3610 eal.
736 3573 809 3610 arma
828 3560 935 3624 populo,
953 3556 1026 3623 quari
1042 3558 1105 3622 jure
1125 3571 1263 3623 oppreaeua
1365 3585 1368 3597 ·

204 3633 359 3698 ¹Ageretur]
386 3634 426 3684 lie
446 3633 544 3686 familia
565 3639 696 3700 ageretur,
736 3634 795 3686 eat!

170 3710 321 3774 eleganter:
339 3710 477 3774 ‘ageretur
488 3707 521 3759 de
534 3723 565 3760 ea
581 3709 696 3761 familie:
768 3706 786 3746 ἰ·
803 3704 897 3775 Mucio]
914 3712 981 3762 Pub.
993 3711 1084 3762 Mucio
1096 3713 1222 3764 Scurota.

170 3787 215 3837 Sic
226 3784 312 3836 Cicer.
328 3785 354 3835 ia
372 3786 469 3837 balio:
486 3786 538 3837 ‘lu
550 3786 644 3851 quibua
654 3802 698 3837 eo·
769 3794 782 3821 ¹
800 3788 849 3846 Qui
863 3789 953 3839 monae
968 3804 1043 3853 emp.
1058 3789 1156 3855 welhet]
1174 3789 1263 3842 Soleu-

170 3878 225 3913 rum
237 3869 284 3912 eut
294 3869 373 3925 capnt
384 3863 479 3927 agitur,
489 3870 535 3914 aut
550 3863 638 3914 frma!
663 3864 699 3914 Et
738 3864 778 3913 uia
792 3865 888 3914 civium
906 3864 939 3917 ad
957 3864 1188 3931 remp.juraudear
1203 3880 1264 3919 ero·

169 3940 274 3990 Terent.
295 3937 427 3989 Heauton.
444 3940 521 3991 ‘Non
539 3955 608 3992 nnuc
620 3954 699 4006 peca-
738 3938 880 3991 caudoruru
892 3939 1010 3993 formula.

170 4016 214 4066 ula
235 4014 338 4080 agitur)
370 4014 476 4066 Frustra
495 4016 575 4081 igitur
591 4016 698 4068 doctior.
770 4015 1263 4084 ⁰l'eepillodiotue1liaurlleepillonee

171 4091 393 4144 Gronoviuedeeo
405 4092 504 4154 familia
519 4093 607 4156 legere
619 4092 699 4158 jubet
739 4094 903 4157 dicebantur,
921 4093 1015 4160 qulbus
1033 4109 1170 4162 corporum
1189 4112 1263 4165 repe·

172 4169 198 4216 la
217 4171 283 4221 uorie
305 4170 339 4222 ad
369 4171 477 4225 Seuera
496 4170 698 4226 controversiam
739 4169 883 4222 lieudurum
895 4185 965 4222 eura.

173 4255 213 4295 11.
702 4318 707 4326 .
771 4244 1078 4314 restauremini.
