3022 5026
557 377 736 428 urrunsa.
772 376 854 426 cau.
878 374 975 427 xntr.
1238 362 1303 428 437

211 524 385 609 corripuit,
407 543 506 608 quem
528 523 742 590 Constantius
767 542 834 587 non
858 527 939 605 post
963 519 1180 587 multosdies
1204 541 1302 606 regno

211 629 316 705 exuit,
330 629 517 710 grandaevae
534 629 625 692 atati
647 646 711 692 nou
732 626 835 691 vitam
860 626 973 703 modo,
990 623 1051 690 sed
1067 625 1168 690 etiam
1184 626 1300 710 uolup-

210 730 334 794 tatium
349 732 455 795 otium
470 730 670 796 concedens.
715 730 795 795 Fuit
809 735 920 794 autem
936 748 1039 813 propo
1060 727 1102 791 ad
1126 728 1302 795 stultitiam

212 831 494 917 simplicissimus.

670 932 848 953 ”cuonone

210 1051 242 1097 2⁵
260 1047 380 1098 Martiam
390 1048 451 1109 atii;
466 1056 494 1100 et
506 1063 564 1099 mox
574 1050 704 1111 granam
713 1052 794 1097 atate.
815 1045 877 1097 Ata.
888 1047 952 1106 legit
961 1049 1088 1108 madeas
1097 1048 1175 1097 atati.
1193 1042 1240 1096 ‘Iu
1251 1045 1303 1097 tino

212 1114 306 1175 capitis
317 1116 489 1178 voluptuarium
499 1127 585 1164 exstat
597 1117 622 1164 in
635 1115 722 1164 Grrelt.
737 1123 764 1162 et
780 1114 854 1163 Leid-
869 1118 891 1161 1.
909 1111 1055 1162 iuvantibus
1073 1114 1162 1174 priscis
1179 1112 1239 1161 edd.
1255 1113 1301 1163 sed

210 1179 537 1309 :geginrlittl'l‘ffltffemur
545 1181 706 1236 Borricltius,
714 1179 984 1244 Dausquiut,llossina,
992 1179 1122 1243 ceterique
1131 1179 1303 1229 cumSalmaa.

605 1409 908 1422 ——m—

628 1605 733 1673 cAP.
761 1605 882 1671 XLIl.

295 1755 456 1816 GALLUS,
481 1756 710 1820 DBGBNTlUS,
735 1755 989 1817 ΝΒΡΟΤΙΑΝΠΙ,
1011 1751 1214 1810 elevatius,

629 1861 675 1907 ΕΤ
697 1862 713 1909 J
720 1859 891 1909 vetanus

253 1971 284 2038 1.
307 1972 578 2042 Cossraarrus
604 1976 741 2043 Gallum
767 1978 901 2044 tratrem
922 1975 1107 2062 patruelem
1133 1971 1302 2037 Gaesarem

206 2078 411 2157 pronuntiat,
449 2099 594 2145 sororem
628 2077 884 2146 Constantinam
920 2080 971 2145 illi
1001 2077 1214 2161 conjungens.
1267 2073 1301 2140 2.

210 2176 422 2260 Magnentius
438 2202 573 2268 quoque
589 2183 788 2248 Decentium
799 2183 1080 2266 consanguineum
1097 2198 1193 2242 suum
1210 2185 1301 2240 trans

208 2277 317 2363 Alpes
332 2280 500 2349 Caesarem
526 2286 661 2351 creavit.
704 2287 737 2350 3.
759 2285 828 2350 His
849 2282 966 2350 diebus
989 2282 1110 2347 Romae
1134 2278 1301 2361 Nepotia-

208 2393 296 2460 nus,⁸
311 2382 484 2469 Eutropia
508 2387 722 2452 Constantini
739 2388 865 2452 sororis
881 2387 983 2463 filius,
997 2383 1208 2449 hortantibus
1225 2399 1299 2464 per·

208 2482 299 2562 ditis,
314 2483 459 2568 Augusti
474 2507 590 2552 nomen
612 2489 718 2570 rapit:
752 2508 826 2551 eum
840 2495 962 2552 octavo
977 2486 1032 2551 die
1047 2480 1301 2565 vicesimoqueb

208 2583 420 2666 Magnentius
439 2589 624 2672 oppressit.
665 2591 699 2654 4.
724 2589 803 2654 Ηοο
818 2596 964 2673 tempore
978 2587 1199 2654 Constantius
1223 2603 1300 2650 cuna

209 2685 404 2769 Magnentio
429 2689 520 2773 apud
538 2690 701 2757 Mursiam
727 2690 891 2755 dimicans
912 2691 1001 2755 vicit.
1046 2690 1088 2754 In
1108 2708 1176 2771 quo
1192 2688 1300 2752 bello⁰

205 2807 302 2870 paene
331 2811 495 2874 nusquam
519 2793 663 2877 amplius
690 2792 855 2861 Romanas
886 2797 1071 2859 consumtus
1094 2799 1175 2855 sunt
1200 2790 1298 2868 vires,

208 2891 381 2978 totiusque
397 2894 527 2978 imperii
542 2896 675 2961 fortuna
689 2897 920 2981 pessumdata.
962 2898 995 2961 5.
1018 2895 1148 2960 Dehinc
1164 2913 1239 2958 cum
1262 2910 1299 2956 se

209 2990 422 3078 Magnentius
452 2998 485 3061 in
516 2997 648 3063 ltaliam
675 3000 869 3084 recepisset,
895 2999 985 3084 apud
1009 2998 1162 3064 Ticinum
1184 2997 1300 3081 plures

207 3095 305 3172 fudit,
327 3099 507 3179 incautius,
530 3108 575 3179 et,
599 3111 638 3168 ut
661 3105 696 3168 iu
719 3105 859 3170 victoria
882 3103 981 3182 solet,
997 3101 1160 3168 audacius
1183 3118 1298 3184 perse·

205 3207 357 3283 quentes.
401 3203 433 3268 6.
458 3203 533 3270 Nec
547 3205 653 3293 multo
678 3213 756 3291 post
778 3206 870 3291 apud
886 3205 1082 3289 Lugdunum
1098 3208 1297 3286 coangusta·

661 3371 842 3395 mmm

240 3481 306 3533 Car.
319 3496 390 3534 surr.
422 3490 438 3537 8
454 3487 580 3540 ‘Proditis
592 3505 637 3553 pro
647 3492 748 3555 perditis
762 3491 855 3545 Jacobi
871 3487 969 3554 Cujacii
981 3485 1092 3547 scriptur
1102 3481 1187 3533 tiber!
1202 3481 1297 3559 §clott-

204 3546 390 3600 ‘Proaitorr'lmo
400 3551 473 3601 laid·
485 3558 508 3604 l.
516 3556 609 3605 aetnae
617 3563 758 3607 eammtooo
770 3557 928 3621 reposuimus
945 3568 979 3602 ex
993 3550 1111 3600 omnibus
1122 3549 1236 3612 scriptas,
1249 3563 1296 3611 pro

206 3626 273 3674 qum
293 3619 339 3662 oet·
358 3622 387 3665 nt
406 3618 530 3671 exhibent
546 3620 606 3671 edd.
625 3620 810 3684 [masmar.
822 3620 918 3672 Gaeob.
931 3617 1024 3681 Delph.
1041 3612 1160 3677 Pitiac.]'
1177 3613 1296 3662 Arata.—

205 3681 221 3724 4
239 3677 469 3746 veronamque
479 3683 547 3749 tetta,
557 3701 670 3751 nsaqaaar
683 3688 791 3752 amplias.
822 3688 885 3737 Tum
893 3685 972 3746 formo
981 3682 1130 3747 pomeriata
1149 3678 1221 3727 Leid.
1237 3682 1296 3726 2.-

206 3746 221 3788 o
239 3739 299 3791 ata.
311 3752 339 3792 et
352 3752 404 3794 tres
415 3747 478 3796 editi
487 3765 530 3812 op.
541 3750 642 3800 Sciron.
659 3751 787 3802 ratonem
798 3766 844 3812 pro
857 3751 972 3804 limatam,
983 3755 1011 3796 et
1022 3760 1080 3796 mox
1092 3745 1154 3806 polsi
1166 3757 1212 3804 pro
1219 3744 1295 3805 palea.

205 3809 255 3854 -c
271 3808 431 3860 ‘veronens
441 3813 535 3876 inurit
550 3817 829 3879 quadragesimarum
841 3830 914 3880 prope
925 3814 1004 3877 qaino.
1014 3825 1075 3861 anno
1090 3809 1218 3870 aspirarit.
1251 3806 1296 3856 Pi·

206 3871 302 3922 ttoeau.
317 3875 376 3925 cod.
393 3876 548 3929 Floriacena.
558 3890 586 3931 ot
598 3882 697 3946 eujaoii
709 3884 791 3932 atatis
805 3897 877 3948 propo
887 3878 1060 3945 quinquaginta
1074 3889 1148 3924 assos
1157 3869 1295 3936 aspirarit)

692 4025 805 4078 NOTAE

237 4119 250 4146 ⁸
266 4113 729 4185 Nepotiaaml‘l’otentiouum’voeat
767 4137 811 4174 mo
821 4122 864 4173 die
876 4119 962 4172 triduo
973 4112 1084 4167 miuus:’
1101 4124 1180 4175 supr·
1190 4105 1294 4157 viem·

206 4188 308 4240 vietor.
497 4216 499 4223 ι
799 4200 860 4249 er.
881 4214 925 4263 ,a
946 4194 1018 4258 aeae]
1044 4191 1112 4242 vtae
1132 4185 1227 4238 zara.
1248 4181 1294 4247 qa

236 4265 249 4301 δ
266 4269 356 4320 Oetaeo
366 4272 414 4338 ate,
421 4269 584 4342 oiceffioqse]
600 4275 728 4329 ‘'i'riaom·
768 4274 838 4329 iaso.
