3022 5026
381 378 431 425 nn
453 377 557 426 vrurs
582 376 833 426 rurusraruus
856 380 938 428 car.
961 379 1002 429 ιι.
1190 358 1234 427 85

137 521 274 589 Plebeur
295 520 332 585 in
350 520 482 604 triginta
504 521 614 586 curias
637 521 816 600 distribuit,
830 541 957 607 easque
971 519 1158 605 rapturum¹
1172 541 1233 587 uo·

136 626 282 690 minibus
297 623 492 707 appellavit.
537 623 591 687 13.
614 622 701 689 Cum
715 623 757 687 ad
771 622 893 706 Caprae
908 621 1085 706 paludemk
1102 624 1231 690 exerci-

137 733 206 792 tnru
231 728 398 804 lustraret,
421 745 587 809 nusquam
607 725 817 810 comparuit:
838 724 927 789 unde
950 726 1033 789 iuter
1052 725 1172 792 Patres
1195 734 1232 792 et

135 829 298 913 populum
321 827 486 894 seditione
510 833 592 905 orta,
618 826 732 892 Julius
756 825 936 905 Proculus,
962 827 1013 891 vir
1036 826 1173 906 nobilis,
1196 831 1231 895 iu

136 932 333 996 concionem
357 930 532 1015 processit,
546 935 580 994 et
599 928 818 1013 jurejurando
840 928 995 1006 firmavit,
1012 926 1232 997 Romulnme

136 1052 177 1097 ss
201 1033 238 1097 in
263 1033 352 1099 colle
375 1029 564 1112 Quirinali¹
587 1032 699 1098 risum
725 1033 921 1113 augustiore
944 1030 1084 1108 forma,¹¹1
1099 1048 1173 1095 curu
1188 1031 1234 1097 ad

136 1134 234 1200 Deos
249 1136 375 1216 abiret3
397 1134 604 1220 eundemque
619 1134 816 1218 praecipere,
837 1141 875 1199 nt
894 1133 1115 1198 seditionibus
1130 1134 1232 1200 absti-

135 1245 264 1310 nerent,
285 1238 440 1304 virtutem
465 1238 629 1303 colerent:
664 1235 825 1316 futurum,
853 1245 891 1301 nt
914 1238 1061 1300 omnium
1085 1236 1231 1318 gentium

137 1339 265 1405 domini
293 1342 486 1407 existerent.
529 1340 583 1406 14.
617 1340 731 1424 Hujus
758 1339 950 1406 auctoritati
980 1337 1142 1403 creditum
1167 1344 1230 1404 est.

137 1441 242 1508 AEdes
256 1444 289 1509 in
304 1444 391 1509 colle
417 1442 582 1522 Quirinali
603 1440 750 1508 Romulo
772 1443 970 1520 constituta,
985 1442 1061 1524 ipse
1076 1426 1138 1524 pro
1154 1439 1232 1506 Deo

137 1546 258 1627 cultus,
273 1554 307 1613 et
319 1545 483 1625 Quirinus
494 1552 548 1611 est
563 1544 783 1629 appellatus.n

599 1690 779 1715 'emto

135 1792 286 1843 tatuit-lb
298 1791 399 1842 Nsraias
410 1805 457 1855 pro
467 1790 602 1840 annisibus
613 1795 674 1839 ants
685 1788 785 1839 Sebott.
795 1787 940 1852 legebatur.
972 1787 1048 1853 ‘Ego
1058 1786 1136 1837 rerba
1146 1801 1233 1853 mqaa

133 1863 230 1921 raptam
245 1871 308 1906 asra.
324 1857 461 1920 adpettasit,
473 1871 531 1921 quas
543 1856 635 1905 absunt
645 1868 660 1904 a
671 1868 709 1904 ιν.
722 1853 799 1904 codd.
809 1869 841 1904 ea
854 1854 927 1904 lirin
939 1852 1023 1905 aliove
1041 1855 1168 1916 scriptore
1179 1855 1234 1918 pri·

135 1937 206 1972 usuro
218 1923 326 1986 margini
339 1921 479 1985 adscripta.
491 1922 550 1971 dein
562 1935 579 1970 a
590 1921 699 1970 librariis
711 1919 737 1967 iu
755 1928 855 1970 textum
868 1928 975 1983 recepta
990 1919 1163 1969 credideritne
1181 1934 1232 1971 uec

136 1988 227 2051 placet
237 1988 280 2036 illu
292 1987 396 2037 iteratio
408 1987 452 2036 τοῦ
468 1984 612 2049 dudunt!
632 1984 770 2035 llari-lt
788 1986 903 2047 ‘Caprea
915 1994 968 2035 tres
979 1985 1045 2035 Mas.
1057 1994 1084 2035 et
1095 1998 1192 2042 notua,
1209 1985 1233 2036 al

134 2068 150 2101 a
163 2053 307 2103 Machsueo
319 2053 471 2112 decesseris,
483 2060 583 2101 veteres
593 2049 653 2101 edd.
670 2050 924 2115 Utrumqusquideru
933 2059 1007 2102 recte
1018 2050 1069 2099 dici
1081 2051 1232 2102 existimant

134 2118 184 2166 riri
202 2119 288 2179 docti3
308 2131 396 2167 aarum
415 2118 464 2166 boc
480 2117 668 2167 observandum
686 2117 744 2174 erit,
762 2115 877 2180 qrrsnrais
889 2118 1024 2181 utrumque
1036 2116 1062 2165 in
1074 2115 1139 2165 blaa.
1153 2114 1231 2167 codd.

134 2190 265 2238 occurrat,
282 2184 393 2246 optimos
413 2192 499 2232 tannen
515 2197 548 2231 aa
566 2182 597 2230 iis
617 2188 644 2230 st
663 2180 891 2245 prestantissima·
907 2179 963 2232 tere
984 2182 1070 2244 Cupra
1088 2178 1232 2242 prataria!

134 2248 221 2299 Arata.
254 2249 325 2311 apae
336 2262 381 2311 pro
392 2249 423 2297 sd
434 2250 513 2298 etiarn
525 2254 586 2296 ante
598 2245 698 2295 Sebott.
709 2247 853 2309 legebatur.
885 2246 1026 2309 ‘Nusquam
1035 2247 1165 2310 compararit
1176 2260 1230 2296 rna·

132 2313 187 2362 lim.
222 2312 350 2376 Nasounia
362 2313 464 2377 quidam
482 2313 551 2375 libri,
563 2309 650 2361 male!
665 2310 757 2361 Scitott.
790 2312 949 2361 ‘Posteriori
962 2320 1049 2361 tanuen
1061 2311 1137 2360 ruodo
1149 2312 1229 2362 Fran.

131 2386 163 2430 et
179 2377 252 2428 Laid.
263 2383 287 2428 2.
305 2387 331 2426 et
349 2392 442 2442 magna
459 2392 518 2442 pars
530 2377 668 2439 editorum,
680 2379 762 2427 minus
780 2376 863 2426 bena-¹
881 2378 969 2427 Arata.
1001 2377 1160 2427 ‘Certinassa
1178 2377 1229 2428 Ed.

134 2442 173 2508 pf.
200 2444 268 2493 solus
282 2443 356 2493 Leid.
367 2448 392 2493 2.
409 2451 437 2493 et
448 2443 486 2492 sic
497 2441 640 2507 depravate
658 2442 702 2490 alii
726 2443 785 2492 alibi
802 2441 879 2492 codd.
897 2458 913 2492 s
932 2442 1024 2507 quibus
1043 2450 1114 2494 recte
1133 2457 1148 2490 a
1166 2442 1229 2492 airis

134 2508 217 2559 doctis
233 2508 375 2559 discessum
386 2506 443 2557 est!
461 2508 547 2558 Arata.
581 2506 977 2571 nrox‚jaraau01,ogo.u.mre
990 2508 1081 2557 Arata.
1115 2508 1231 2568 ‘sagar-

133 2574 218 2624 tiorsar
228 2573 310 2632 suma
327 2573 411 2636 Lugd.
428 2579 451 2622 1.
473 2573 617 2634 unatim
627 2571 702 2622 Fran.
717 2571 855 2622 obtrudit.'
872 2571 960 2622 Arata.
993 2574 1050 2622 ‘Aa
1062 2573 1126 2621 Desa
1144 2573 1231 2622 abiret.

135 2638 189 2688 Pru
204 2639 290 2698 abiret,
301 2638 382 2687 Aldus
394 2639 469 2687 obirn
480 2636 606 2696 excudit!
617 2636 711 2688 Sciott.
744 2640 801 2689 ‘Ex
811 2653 860 2702 qna
871 2635 932 2686 Aidi
943 2636 985 2687 ed.
996 2637 1047 2687 buc
1059 2638 1175 2700 perierit,
1191 2641 1230 2701 ig·
1271 2656 1278 2681 ι

134 2718 207 2764 nero,
216 2717 275 2754 cum
287 2718 344 2753 urea
354 2702 450 2753 Aldina
460 2702 536 2752 adim
546 2702 683 2764 exprimat.
699 2702 785 2753 Adirat
798 2704 894 2767 legitur
905 2703 932 2752 in
944 2703 1027 2766 Lugd.
1038 2706 1062 2752 2.
1072 2702 1140 2767 quod
1150 2702 1229 2753 etiam

133 2783 229 2820 vanum
248 2775 298 2818 eat.
329 2769 383 2818 Pro
402 2782 457 2832 aeq.
468 2770 607 2831 manaae
622 2767 700 2816 babet
715 2770 748 2817 B.
766 2770 836 2831 [cunr
849 2767 922 2831 Ald]
940 2783 993 2817 esar
1005 2766 1129 2830 denique*
1139 2767 1230 2816 Arata.

133 2843 142 2866 ⁴
153 2835 177 2885 A
186 2833 339 2883 aditionibus
355 2833 439 2882 edidit
454 2832 539 2882 Marb.
572 2830 623 2881 Sed
636 2834 726 2898 reliqui
737 2835 829 2897 scripti
840 2833 965 2896 (excepto
978 2831 1026 2896 ll.)
1037 2839 1065 2881 st
1076 2832 1193 2895 impressi
1203 2837 1231 2882 at

131 2897 308 2950 aditioaitaa!
319 2899 410 2948 Arata.
447 2897 481 2947 Ut
491 2898 626 2947 auditione
636 2897 765 2948 addente
774 2900 942 2949 Sabota-lt
954 2897 1065 2947 Quidam
1077 2897 1145 2952 iibri.
1160 2903 1228 2947 teste

131 2965 237 3017 Sebott.
247 2963 388 3013 auctoritate
399 2963 498 3027 legunt.
529 2962 693 3024 ‘Appellatus
712 2965 771 3014 Non
781 2965 871 3013 celabo
883 2964 1006 3013 lectorem
1015 2961 1059 3012 bie
1067 2961 1160 3012 eadsrn
1171 2976 1225 3012 rus·

133 3044 171 3083 nu
180 3028 319 3095 ascriptum
329 3033 356 3079 in
367 3029 433 3079 Mas.
443 3043 511 3080 omn.
527 3029 648 3091 Regnavit
659 3044 732 3078 assos
742 3029 828 3079 XXX
831 3027 902 3079 1⁷11!
919 3028 1021 3078 Sebott.

629 3148 734 3201 NOTAE

134 3250 291 3300 Ramnenses
314 3261 329 3297 a
350 3246 468 3305 Romulo.
489 3246 613 3307 Luceres,
632 3254 661 3296 ut
701 3254 750 3297 est.
788 3249 858 3298 Narn
880 3248 925 3299 illa
951 3247 1022 3299 redes
1042 3256 1101 3313 post
1124 3250 1228 3302 Romuli

133 3323 483 3379 aitJuuiua,aLucnmoue.
511 3321 662 3372 Sedomnis
701 3331 809 3373 nortem
835 3325 933 3390 dicata,
954 3338 1025 3375 mous
1044 3333 1130 3376 autera
1150 3333 1230 3379 autea

133 3403 190 3453 bac
202 3400 327 3449 vocabula
343 3399 437 3458 Tusca,
455 3406 483 3446 ut
498 3397 662 3463 Volumnius,
702 3400 843 3451 Quirinalia
854 3402 947 3452 dictus.
966 3402 1061 3453 Melius
1074 3404 1117 3467 qui
1129 3419 1144 3452 a
1155 3403 1229 3454 Curi·

133 3479 179 3544 qui
191 3474 332 3538 tragoedias
346 3473 445 3522 Tnacas
463 3473 578 3537 scripsit,
591 3473 662 3524 dice·
701 3475 748 3525 bus
759 3476 860 3528 Sabinis
871 3478 969 3529 dictum
981 3479 1097 3530 tradunt.
1115 3478 1190 3530 Idem
1202 3485 1230 3532 et

132 3551 201 3604 bat!
236 3549 370 3600 Aliialaei
384 3549 542 3623 amandas
552 3550 662 3602 uena.
701 3550 827 3616 Aponius,
839 3554 880 3604 ael
889 3555 1004 3618 agonalia
1016 3555 1112 3605 dictus.

130 3628 329 3680 venerearum.
730 3631 1230 3698 *Aawmsssrassuagastiaraqulp-

167 3706 285 3768 ircosque
300 3703 433 3767 raptarum]
451 3702 523 3752 ldern
541 3704 598 3755 Lis.
615 3705 659 3755 lib.
700 3721 735 3771 pe
749 3707 982 3771 Dsuajarnt‘actus.
1012 3710 1057 3761 sic
1070 3711 1162 3761 Florus
1175 3723 1194 3761 r.
1205 3716 1230 3762 1.
1290 3754 1296 3764 .

79 3837 81 3840 ,
133 3798 157 3836 ι.
179 3783 233 3833 Sed
250 3787 340 3831 contra
354 3779 489 3830 Plutarch.
504 3782 531 3832 in
548 3780 659 3834 Romulo
699 3783 876 3834 ‘Visnmsse
888 3785 1026 3837 Romulum
1040 3784 1171 3838 affirmans
1182 3803 1227 3840 su·

132 3868 162 3913 et
172 3858 311 3922 Dionysius
322 3856 366 3905 lib·
379 3869 411 3905 ιι.
699 3861 813 3922 gustisra
825 3860 993 3928 famaquam
1005 3863 1114 3915 tuisaet'

165 3935 233 3986 'Ad
245 3933 330 3998 capa
338 3931 459 3996 paladera]
474 3931 556 3986 Juxta
567 3935 658 3985 orbern
730 3945 742 3970 ¹
760 3938 876 3994 Qairiaus
891 3945 928 3988 est
946 3940 1085 4005 appellatas]
1109 3941 1179 3995 llius
1196 3951 1225 3998 st

134 4012 214 4068 ovid.
225 4019 253 4063 st
267 4012 359 4062 Florus
372 4009 470 4074 caprea
480 4021 583 4062 vocant.
615 4013 657 4063 Lt-
696 4011 839 4064 Quirinalia
847 4015 973 4071 instituta,
980 4017 1031 4066 alio
1041 4017 1144 4070 nornine
1155 4021 1220 4072 stul·

133 4091 191 4141 ains
209 4091 304 4154 Capra,
323 4094 352 4138 et
369 4095 508 4154 utrumque
526 4089 578 4140 dici
595 4091 657 4141 Plo·
696 4096 781 4140 toruus
795 4090 862 4141 testa
877 4105 941 4143 xrrr.
956 4092 1018 4143 Kal.
1035 4093 1114 4145 biart.
1129 4095 1156 4146 in
1166 4106 1221 4151 rat.

133 4166 322 4219 tarcis-auctor.
697 4168 856 4219 Kalendario
874 4168 952 4220 aaa.
971 4179 999 4220 et
1018 4170 1113 4224 0rtdio
1131 4174 1177 4228 lib.
1195 4191 1220 4230 rr

169 4242 221 4292 ΙΙιι
239 4243 297 4292 eolla
314 4240 448 4308 Qas'risalr]
471 4243 515 4295 Sic
534 4242 607 4295 dicta
625 4244 658 4295 ab
698 4245 1227 4313 rur.1uaporneoaiquoqaauoaiamu.

135 4316 193 4372 ade
213 4317 315 4374 Quirini
331 4317 411 4372 Ouid.
429 4333 461 4372 rr.
492 4320 545 4374 Sed
565 4319 658 4375 ialam
699 4321 834 4374 tarisolits
843 4322 1144 4381 hctantiuslrluedoaet
1152 4344 1173 4383 ι.
1184 4337 1225 4385 1⁶.
