3022 5026
219 371 285 439 870
510 383 623 436 snxri
648 382 809 432 annueri
834 382 1011 433 moronis

215 533 345 608 Prisco,
371 532 430 597 diu
455 529 674 596 occultatum.
717 529 772 596 13.
796 528 885 594 Dum
903 536 972 594 arte
990 529 1142 594 muliebri
1164 534 1318 617 corrupti

216 635 373 702 custodes
389 653 514 716 aegrum
529 634 697 712 simulant,
710 632 805 698 Nero
818 633 988 716 privignus
1003 631 1078 716 ejus
1088 632 1223 718 imperii
1233 635 1315 718 jura

215 736 376 822 suscepit.

674 1058 778 1125 cAP.
807 1057 853 1124 V.

594 1195 779 1246 nourrius
802 1194 918 1242 nuno.

256 1321 287 1385 l.
311 1319 504 1384 Dourrius
521 1317 661 1393 Nino:
675 1321 770 1399 patre
786 1315 937 1379 Domitio
949 1312 1152 1382 Aenoburho
1164 1317 1313 1400 genitus,

212 1430 315 1488 matre
343 1420 542 1505 Agrippina,
569 1417 747 1501 imperavit
773 1436 881 1480 annos
912 1416 1094 1482 tredecim?
1163 1421 1196 1484 2.
1233 1420 1312 1486 Iste

213 1524 435 1608 quinquennio
465 1521 645 1586 tolerabilis
675 1519 781 1584 visus.
826 1517 925 1583 Unde
954 1521 1091 1602 quidam
1121 1522 1311 1606 prodidere,

212 1626 394 1709 Trajanum
416 1626 552 1689 solitum
568 1622 691 1700 dicere,
708 1621 827 1706 procui
842 1621 965 1684 distare
980 1632 1120 1689 cunctos
1134 1624 1308 1710 principes

214 1727 380 1794 Neronis⁰
406 1726 647 1812 quinquennio.
691 1725 723 1789 3.
749 1724 818 1787 Hic
837 1725 870 1788 in
887 1723 979 1789 Urbe
1003 1726 1306 1809 amphitheatrum

212 1838 247 1896 et
260 1833 414 1896 lavacra·
429 1831 630 1895 construxit.
672 1830 705 1892 4.
724 1827 866 1892 Pontum
882 1829 915 1891 in
926 1829 984 1912 jus
997 1830 1191 1914 provincia,
1201 1829 1307 1895 Poie-

211 1935 319 1998 monis
333 1931 439 2015 reguli
463 1933 638 2017 permissu,
659 1930 794 2013 redegit,
811 1949 914 2014 aquo
934 1929 1196 1997 Polemoniacus
1212 1932 1302 1997 Pon·

211 2039 265 2098 tus
293 2034 484 2118 appellatus
514 2041 583 2113 est;
613 2033 756 2116 itemque
782 2031 916 2096 Cottius
939 2030 1057 2117 Alpes,
1082 2034 1195 2100 Cottio
1225 2057 1303 2118 rege

210 2144 355 2200 mortuo.
397 2138 429 2200 5.
453 2135 504 2200 Eo
529 2155 672 2220 namque
698 2134 863 2200 dedecore
884 2135 1045 2219 reliquum
1067 2139 1146 2202 vitae
1163 2138 1242 2219 egit,
1263 2145 1304 2205 ut

210 2237 339 2322 pudeat
353 2257 536 2303 memorare
551 2238 780 2322 hujuscemodi
795 2233 1007 2322 quenquam.f
1039 2238 1092 2303 Eo
1107 2259 1303 2324 progressus

209 2346 272 2417 est,
299 2345 337 2403 ut
358 2359 469 2424 neque
493 2358 575 2419 suae,
591 2360 695 2423 neque
713 2340 856 2405 aliomm
880 2339 1053 2424 pudicitiae
1079 2361 1232 2423 parcens,
1255 2346 1303 2411 ad

208 2448 393 2508 extremum
431 2443 576 2507 amictus
615 2443 810 2507 nubentium
840 2441 1002 2524 virginum
1031 2444 1156 2525 specie,
1185 2444 1302 2526 palam

208 2552 397 2610 convocato
424 2551 555 2623 senatu,
578 2544 655 2610 dote
681 2544 784 2626 dicta,
798 2545 927 2609 cunctis
949 2543 1034 2610 festu
1057 2544 1099 2609 de
1119 2565 1209 2610 more
1233 2547 1301 2614 ira·

208 2649 453 2731 quentuutibus,
475 2650 622 2714 nuberet.
674 2648 768 2713 Pelle
793 2656 904 2714 tectus
928 2647 1019 2727 ferae,
1042 2649 1176 2734 utrique
1199 2652 1302 2717 sexui

229 2895 326 2947 cmv.
339 2897 454 2948 l‘Annm
461 2897 581 2948 tredecim.
601 2897 677 2948 Vm.
690 2898 792 2948 notua
808 2896 970 2948 «namur.
979 2898 1160 2961 primumcum
1169 2897 1301 2950 inunert’

210 2962 345 3012 dritta—2
361 2964 383 3013 Δ
398 2964 501 3012 Neronia
513 2963 573 3012 uid.
594 2962 634 3026 [a]
648 2965 753 3013 Neronia
763 2963 865 3014 Schott.
882 2964 979 3013 Guerb·
996 2964 1090 3026 Deiph.
1102 2964 1196 3014 Pium.
1209 2968 1217 2993 ‘
1228 2965 1299 3014 Prn-

210 3027 364 3088 poaitiouern
376 3029 517 3078 udmittunt
528 3043 616 3078 omues
629 3029 703 3084 editi,
724 3037 752 3079 et
765 3045 823 3078 cum
836 3031 867 3078 iia
880 3029 981 3093 Lipsius
993 3029 1078 3080 Eiect.
1093 3042 1126 3078 ιι.
1138 3034 1162 3079 9.
1184 3044 1242 3093 qun
1257 3038 1299 3080 est

211 3092 386 3154 volgatissima
397 3093 517 3158 loquendi
536 3095 617 3143 ratio:
634 3093 679 3143 sed
693 3109 750 3144 cum
770 3096 846 3143 aliter
860 3096 986 3144 sentirent
1002 3109 1091 3143 omnes
1103 3093 1171 3159 apud
1184 3109 1223 3144 mc
1235 3095 1299 3147 Μιι.

211 3155 242 3205 iic
265 3172 410 3221 repugnare
430 3175 480 3209 uon
504 3159 593 3222 potui!
621 3159 756 3209 Arata-d
772 3161 923 3223 appellatur,
944 3160 1046 3222 itemque
1070 3158 1160 3210 Gucii.
1192 3161 1298 3222 idemque

211 3229 318 3272 vetusta
329 3224 389 3274 edd.
401 3238 442 3287 up.
455 3224 547 3275 Arntu.
573 3224 636 3273 Τιιιιι
650 3224 752 3273 Gothiae
762 3225 835 3288 Alpes
846 3224 949 3288 qnidam
958 3224 1154 3274 ediderunt-5
1164 3224 1206 3273 Ad
1217 3225 1297 3274 verbs

209 3285 515 3353 sajwmootqmqam,
535 3289 593 3339 ride
612 3289 687 3339 Nott.
705 3291 799 3352 Dctph.
818 3296 845 3340 et
864 3290 940 3338 Vm.
975 3288 1048 3338 infru
1063 3290 1157 3339 ‘Festo
1176 3293 1205 3340 de
1225 3304 1299 3340 nm·

210 3350 425 3418 Proepnairionem
445 3356 563 3418 preterit
584 3355 652 3404 solua
664 3354 752 3405 Gucii.
772 3355 809 3406 uti
827 3369 884 3420 sup.
897 3355 994 3404 Caesar.
1009 3357 1058 3418 §m
1076 3354 1155 3405 Ouid.
1167 3355 1233 3405 Met·
1246 3369 1299 3406 xri·

698 3484 805 3536 NOTAE

235 3590 248 3616 ⁸
263 3582 385 3632 Domitius
412 3583 491 3646 Nero]
519 3584 587 3635 Vide
605 3600 684 3650 supra
706 3585 731 3636 in
768 3599 835 3635 nunc
847 3583 1030 3635 Alexandrina
1048 3583 1229 3649 appetuntur!
1244 3585 1297 3636 Eu·

206 3658 330 3710 Caeasrib·
768 3672 836 3725 trop.

235 3734 248 3769 ὓ
273 3736 354 3786 Anam
375 3736 497 3800 tredecim]
530 3739 565 3790 Et
585 3753 685 3790 menae·
705 3743 730 3790 7.
799 3736 991 3801 ‘Hujuoemodi
1008 3736 1150 3803 quenquam]
1176 3735 1228 3787 Hic
1247 3736 1295 3786 sii·

205 3813 261 3862 diss
273 3818 313 3864 28.
766 3813 830 3877 quid
848 3814 940 3864 deesse
961 3815 1080 3876 videtum
1097 3828 1155 3864 nam
1172 3815 1248 3875 su'pn
1265 3812 1293 3860 iu

234 3899 245 3926 ⁰
262 3891 311 3956 [Δ]
324 3892 440 3957 Neronia]
456 3893 531 3943 Iatud
543 3910 559 3942 ιι
569 3893 595 3942 iu
606 3893 730 3945 cesarie.
766 3891 891 3942 Cusurib.
909 3892 993 3958 (uude
1009 3892 1075 3949 hec,
1093 3899 1121 3942 ut
1141 3889 1188 3938 niis
1206 3889 1292 3950 pieru-

203 3976 385 4032 uousppsret.
763 3970 827 4038 qus)
843 3972 1051 4037 ‘Huiuscemodi
1069 3982 1220 4036 quenquam.
1245 3982 1292 4018 nc-

234 4043 481 4110 ‘Amphitheatruml
497 4047 529 4096 In
548 4048 646 4111 cumpo
657 4047 729 4097 Μιι-
764 4047 823 4097 dum
838 4057 964 4100 rectorem
982 4047 1095 4111 gentium
1117 4040 1219 4092 fuisse?
1243 4044 1290 4094 scd

202 4117 247 4166 uio.
257 4121 341 4170 Tacit.
353 4122 447 4172 Annei.
459 4125 502 4173 tib.
513 4137 577 4174 xru.
763 4125 790 4175 in
807 4127 838 4176 iia
849 4128 916 4176 {dem
929 4125 1084 4175 forannani
1099 4126 1149 4170 est.
1182 4120 1217 4171 Et
1234 4121 1290 4172 hcc

233 4196 380 4262 ⁶anqu
407 4200 456 4250 ‘is
478 4201 617 4251 [edificavit
640 4204 729 4252 Rom·
764 4201 1045 4255 axiudustriuutuim.
1287 4219 1291 4223 ·

202 4269 322 4328 marmus.
333 4289 389 4339 qun
401 4286 462 4328 rute
476 4278 630 4328 Neroniana
640 4278 728 4337 dicte,
