3022 5026
442 633 904 717 SERENISSIMO

213 904 1252 1024 DELPHINO.

572 1212 608 1276 S.
646 1213 688 1277 P.
726 1215 770 1279 D.

214 1449 377 1527 ANNA
402 1451 755 1538 TANAQUILLI
784 1454 952 1530 FABRI
983 1452 1145 1530 FlLlA.

492 1744 861 1754 m—--n-

130 1975 173 2061 P
175 2020 352 2082 oerunrr
369 2003 493 2087 ingenii
510 2005 560 2069 tui
575 2004 744 2071 celeritate
761 2011 796 2070 et
818 2005 1007 2071 maturitate
1020 2005 1145 2071 sactum
1160 2011 1226 2084 est,

130 2107 301 2191 Delphina
317 2106 544 2187 Serenissime,
560 2112 597 2172 ut
612 2108 726 2174 studia
740 2128 817 2174 mea
839 2109 900 2172 vix
918 2108 991 2192 jam
1014 2109 1136 2174 studiis
1158 2101 1235 2174 tuis

128 2212 289 2296 prodesse
312 2210 454 2295 amplius
478 2212 620 2294 possint,
641 2211 724 2276 illud
750 2212 831 2275 mihi
855 2219 986 2276 tentum
1010 2225 1174 2296 superest,
1189 2222 1227 2279 nt

130 2334 215 2399 qnos
230 2313 393 2378 Historiae
409 2311 574 2379 Romanae
590 2314 776 2398 Scriptores
788 2315 999 2379 invictissimi
1013 2317 1061 2380 tui
1076 2316 1226 2399 parentis

125 2417 224 2500 jussu
240 2417 274 2479 in
290 2435 388 2480 osum
403 2423 495 2480 tuom
518 2416 608 2480 notis
622 2416 796 2495 illustravi,
819 2437 878 2482 eos
898 2418 1053 2497 Augusto
1074 2423 1130 2482 tuo
1156 2417 1225 2482 No

132 2520 209 2583 mini
222 2539 309 2583 nunc
324 2519 516 2597 inscribam,
533 2519 597 2582 sub
610 2520 774 2601 auspiciis
791 2519 858 2584 tuis
867 2518 1052 2583 Galliarum
1060 2520 1227 2604 juventuti

131 2620 332 2705 profuturos.
375 2621 517 2693 Tamen,
532 2620 699 2705 Delphice
721 2621 953 2699 Serenissime,
974 2622 1004 2686 si
1028 2629 1060 2685 te
1086 2622 1227 2688 subinde

132 2723 315 2787 aulicarum
340 2722 532 2788 deliciarum
556 2723 734 2801 illecebris,
758 2743 835 2808 quae
857 2732 890 2789 te
914 2725 1141 2803 circumstant,
1165 2725 1227 2789 eri·

132 2845 222 2909 pere,
253 2833 287 2890 et
309 2826 545 2909 imperatorum
572 2827 781 2911 virorumque
804 2828 978 2892 illustrium
1000 2828 1098 2891 factis
1122 2826 1227 2910 perle-

132 2927 250 3011 gendis
273 2947 395 2993 vacare
422 2948 490 2993 non
515 2927 713 3012 dedigneris,
729 2929 835 2994 multa
860 2929 1012 2993 invenias
1031 2935 1130 3004 certe,
1151 2946 1228 3012 quae

132 3036 164 3093 te
187 3031 272 3097 mira
292 3030 435 3115 quadam
456 3030 631 3116 voluptate
654 3033 873 3115 perfundant3
896 3030 978 3114 quid
1000 3030 1088 3094 enirn
1104 3031 1163 3094 tibi
1173 3030 1228 3113 ju-

134 3134 274 3198 cundius
289 3153 391 3218 quam
402 3133 544 3216 legendo
556 3154 760 3216 cognoscere
775 3142 807 3197 te
819 3153 862 3197 eo
874 3138 1010 3216 parente
1021 3140 1134 3197 natum
1144 3153 1229 3212 esse,

308 3235 388 3314 Quo
402 3237 483 3300 nibil
498 3235 609 3319 majus
624 3236 789 3300 meliusve
803 3238 912 3313 terris,

307 3338 396 3403 Fata
413 3338 590 3411 donavere,
604 3338 749 3420 bonique
770 3336 857 3415 Divi,

308 3438 384 3505 Nec
396 3439 532 3517 dabunt,
542 3440 695 3524 quamvis
706 3440 840 3505 redeant
848 3441 883 3504 in
896 3457 1013 3505 aurum

468 3543 636 3627 Tempora
649 3544 810 3627 priscum.
896 3626 903 3641 ·

177 3649 265 3714 Tum
281 3653 316 3711 et
341 3645 424 3711 illud
447 3646 634 3730 voluptatis
655 3667 700 3712 ex
720 3647 885 3713 historicis
905 3647 1027 3711 nostris
1053 3645 1230 3730 percipies,

136 3752 228 3836 quod
242 3748 384 3833 legendo
399 3769 517 3814 cernes
535 3758 569 3815 te
585 3751 628 3815 ab
644 3751 868 3816 invictissimo
880 3758 940 3814 tun
954 3755 1089 3833 parente
1103 3750 1231 3813 excita-

137 3864 219 3931 tum,
235 3853 409 3918 fortissimi
426 3852 587 3937 cujusque
603 3854 742 3919 virtutes
757 3861 834 3917 ante
850 3853 1015 3917 imitatum
1030 3870 1118 3929 esse,
1130 3871 1232 3935 quam

137 3977 196 4021 eas
211 3955 356 4021 lectione
372 3974 600 4037 cognosceres.
644 3954 712 4021 Sed
727 3961 816 4018 nete
832 3954 1004 4019 blanditiis
1015 3960 1145 4018 tentum
1158 3955 1233 4019 alli-

137 4079 211 4123 cere
226 4058 377 4124 videatnr
392 4057 540 4136 historia,
555 4056 662 4124 multa
676 4064 773 4122 erunt
788 4077 865 4142 quae
887 4064 1006 4139 pectus
1030 4066 1122 4121 tuum
1142 4057 1232 4122 omni

138 4160 322 4226 eruditione
344 4161 508 4226 imbutum
532 4161 663 4245 egregie
681 4161 836 4225 roborare
857 4161 1000 4245 possint,
1016 4166 1048 4223 et
1063 4161 1233 4244 prudenti·

203 4270 290 4337 netpt.
301 4276 324 4322 et
338 4270 395 4322 Ver.
407 4272 472 4322 Clas.
616 4269 700 4321 Aarrl.
713 4269 776 4322 Vter.
1144 4270 1168 4319 Α
