3022 5026
404 365 453 414 ua
476 362 697 413 eusaarnus
719 361 801 412 cnr.
822 363 973 415 xxxin.
1168 350 1233 416 ³17

143 513 254 597 potior
278 509 417 592 flagitio,
430 509 489 574 ubi
509 509 609 573 armis
629 507 846 591 superaverit,
863 506 1069 591 tyrannidem
1086 518 1234 574 amotam

142 614 322 689 vocaverit,
344 612 464 676 damno
483 612 621 694 publicu
642 629 838 695 oppressos.
882 611 936 674 25.
961 609 1150 687 Quinetiam
1172 613 1234 677 ali·

142 716 259 801 quanti
273 715 346 798 pari
355 714 495 778 libidine
510 715 545 778 in
557 714 747 778 coelestium
758 733 928 777 numerum
940 713 1132 791 reseruntur,
1144 733 1232 797 aegre

142 818 294 901 exequiis
322 816 424 898 digni.
466 816 520 880 26.
543 813 631 893 Quis
657 817 690 879 ni
708 814 793 879 fides
816 834 920 879 rerum
943 823 1109 896 gestarum
1130 819 1234 884 obsti·

141 921 249 997 iisset,
260 938 336 1001 quae
351 938 458 1002 neque
470 919 629 983 honestos
644 920 792 1000 praemiis
804 919 972 983 memoriae
984 918 1129 983 frustrari
1144 921 1234 999 sinit,

142 1042 250 1104 neque
275 1023 436 1106 improbis
462 1031 620 1087 aetemam
645 1021 869 1105 illustremque
888 1022 1009 1085 sarnum
1033 1023 1235 1105 procedere;

142 1124 366 1207 nequicquam
386 1132 551 1207 peteretur
578 1125 786 1221 virtus,¹cum
808 1143 918 1188 verum
941 1122 1026 1188 illud
1047 1130 1147 1208 atque
1162 1126 1235 1190 uni·
1324 1180 1332 1200 ,

141 1246 218 1292 eum
235 1227 339 1291 decus
359 1228 509 1311 pessimo
530 1228 650 1310 cuique
668 1228 772 1309 gratia
794 1227 998 1304 tribueretur,
1014 1227 1156 1292 demtum
1173 1231 1236 1293 im·

143 1328 199 1413 pie
221 1331 331 1395 benis.
374 1330 428 1394 27.
452 1330 603 1412 Denique
620 1329 810 1394 Gallienum
829 1331 958 1394 subacti
975 1329 1152 1395 aClaudie
1167 1331 1234 1396 Pa-

143 1438 221 1508 tres,
234 1431 324 1515 quod
338 1432 412 1515 ejus
431 1433 567 1498 arbitrio
583 1434 757 1517 imperium
777 1433 938 1517 cepisset,
962 1432 1086 1496 Divum
1109 1432 1235 1498 dixere.

142 1534 196 1600 28.
219 1535 399 1599 Nemeum
415 1535 578 1618 profluvio
594 1536 775 1618 sanguinis,
790 1536 925 1600 vulnere
948 1542 1014 1599 tam
1033 1538 1136 1616 gravi,
1152 1558 1235 1601 mer·

143 1645 209 1703 tem
225 1638 289 1701 sibi
306 1636 427 1701 adesse
450 1638 655 1719 intelligeret,
669 1638 811 1719 insignia
832 1637 961 1720 imperii
977 1637 1019 1702 nd
1034 1636 1236 1703 Claudium¹

143 1739 380 1816 destinaverat,
396 1739 519 1803 bonore
530 1740 714 1819 tribunatus
726 1738 735 1772 ²
749 1738 861 1803 Ticini
870 1740 1067 1804 retinentem
1083 1742 1236 1823 praesidi-

143 1844 246 1907 ariam
261 1861 406 1906 manum.
428 1841 483 1905 29.
497 1840 599 1919 Quod
615 1861 696 1905 saue
711 1846 874 1906 extortum
890 1849 923 1906 :⁸¹
945 1862 1021 1906 cum
1035 1862 1144 1927 neque
1154 1843 1236 1908 Gal·

142 1944 220 2010 lieni
234 1944 372 2026 flagitia,
387 1943 463 2009 dum
476 1945 578 2008 urbes
590 1950 695 2021 eruut,
711 1944 1024 2029 occultariqueant3
1047 1955 1083 2009 et
1093 1948 1236 2030 quisque

143 2047 313 2130 pessimus
336 2048 409 2124 erit,
431 2066 494 2131 par
519 2047 703 2130 similisque
724 2065 853 2130 semper
872 2047 938 2131 ipsi
962 2047 1149 2112 habebitur.
1183 2049 1237 2114 30.

144 2146 243 2213 Adeo
252 2150 422 2234 principes
435 2155 535 2234 atque
546 2149 664 2233 optimi
675 2150 887 2223 mortalium,¹
903 2151 983 2215 vitae
993 2151 1123 2229 decore,
1136 2172 1236 2234 quarn

144 2253 323 2334 quaesitis!
343 2253 545 2330 nominibus,
561 2261 665 2335 atque
678 2252 890 2334 compositis,
906 2261 1067 2336 quantum
1079 2253 1236 2336 conjicia-

144 2359 219 2431 tur,¹
244 2355 367 2420 coelum
393 2355 527 2430 adeunt,
554 2375 612 2419 seu
635 2354 725 2418 lama
748 2353 916 2419 bominum
942 2356 1006 2420 Dei
1030 2356 1238 2420 celebrantur

147 2456 260 2523 medo.
302 2458 356 2522 31.
378 2456 426 2524 At
456 2464 606 2534 senatus,
633 2464 805 2540 comperto
836 2458 895 2522 tali
926 2459 1045 2532 exitio,
1074 2459 1237 2522 satellites

142 2560 438 2644 propinquosque·
465 2580 524 2643 per
552 2559 665 2624 scalas
694 2558 877 2624 Gemonias
907 2580 1064 2644 praeceps
1088 2560 1237 2641 agendos

605 2740 633 2759 Ν
636 2740 777 2761 000000000

150 2857 252 2908 Scbott.
264 2856 359 2907 Gaerb.
371 2857 469 2920 Delpb.
479 2856 640 2907 Ptine-al
658 2858 724 2907 Dum
731 2860 866 2921 plenamque
877 2856 1007 2908 ead—26
1020 2859 1058 2907 Ne
1068 2858 1175 2921 cuiquam
1190 2872 1238 2920 pru

146 2924 299 2985 nequicquam
310 2936 399 2970 omnen
418 2925 452 2972 al.
470 2921 531 2971 edd.
544 2930 641 2985 prater
653 2923 713 2984 Bip.
740 2931 746 2951 ¹
760 2925 852 2987 Liquet
864 2924 952 2986 jurare
965 2925 1115 2986 nequicquam
1126 2925 1238 2971 scriben-

147 2989 208 3037 dum
222 3002 268 3051 pru
285 2987 422 3038 ‘frtrrtrat’
440 2988 566 3051 quomode
578 2989 677 3052 antiqui
692 2989 750 3037 libri
765 2991 915 3052 plerumque
926 2987 1077 3051 praeferunt,
1089 2991 1238 3052 quamuisiu

47 3100 49 3105 .
146 3055 200 3103 Me.
222 3068 251 3104 ae
274 3053 382 3118 cuiquem
400 3052 501 3103 divisim
519 3054 619 3103 ealumu
636 3055 788 3103 exararint:
807 3054 875 3117 quud
895 3052 1013 3103 defendit
1032 3054 1172 3110 Olirariun,
1190 3069 1238 3118 pru

144 3118 251 3167 ‘nullu'
267 3120 308 3168 rel
325 3127 357 3168 ‘a
368 3118 455 3167 nullo!
488 3119 558 3171 Quid
576 3119 597 3168 sl
610 3135 648 3168 aa
658 3121 783 3183 cuiquem:
800 3133 848 3179 pro
859 3122 867 3148 ⁸
879 3129 952 3168 certe
963 3121 995 3168 ab
1007 3119 1092 3183 alique
1104 3131 1238 3183 peteretur

147 3186 228 3234 rirtnr
236 3182 255 3233 i’
266 3200 292 3250 q.
303 3183 328 3233 d.
339 3185 451 3234 minime.
469 3185 581 3248 Egregia
592 3199 653 3234 vero
664 3186 721 3234 lanu
731 3184 857 3262 biptcriae,
867 3185 942 3247 cuju·
955 3185 1067 3263 refitcte
1078 3198 1093 3232 u
1106 3183 1237 3233 maleficii·

146 3248 1238 3380 :tnittaaut?'tt'33³intinniitinitttttflstl‘etlu3¹:53

641 3462 747 3514 NOTAE

178 3580 187 3604 ⁸
215 3570 326 3631 lurigaiu
352 3571 446 3634 imperii
475 3573 506 3621 nd
533 3570 671 3635 claudium]
712 3571 805 3632 Supra,
821 3568 944 3618 ‘subacti
965 3583 980 3617 a
1003 3568 1112 3618 Claudio
1132 3565 1239 3632 patrer,'

147 3648 253 3706 Contra,
273 3647 389 3698 Zosimus
408 3657 435 3697 et
454 3647 539 3698 Pollio
559 3648 671 3698 amiliti·
711 3649 761 3695 duc.

147 3722 194 3772 bur
213 3724 325 3773 electum
339 3723 482 3781 Claudium,
499 3733 527 3774 et
545 3740 560 3773 n
579 3730 671 3774 renutu
742 3730 756 3755 ⁸
775 3721 867 3784 Optimi
883 3722 1030 3785 mortalium]
1047 3721 1090 3771 stc
1102 3729 1178 3770 vocat
1195 3733 1240 3768 ne·

146 3808 237 3864 purten
248 3799 452 3864 comprobatum.
713 3798 846 3847 biliurimen
861 3813 984 3863 quotque.

179 3875 301 3925 ‘Honore
321 3875 467 3939 tribunatu]
496 3875 527 3925 ld
548 3882 599 3939 ert,
627 3877 672 3941 qui
744 3885 756 3919 ¹
783 3878 861 3933 Quum
878 3874 996 3941 queritia]
1024 3875 1240 3939 Subintelligitnr,

97 3988 100 3995 .
145 3951 265 4002 tribunus
275 3953 358 4003 'l'ieiui
370 3953 515 4017 praesidium
533 3954 672 4004 retinebat.
713 3953 836 4017 ‘potius'

146 4027 266 4077 Ticinum
280 4028 338 4077 urbs
350 4029 375 4078 iu
386 4029 673 4094 Gallia‘l’rantpndauc,
744 4039 755 4063 ⁸
772 4032 897 4087 Quantum
910 4029 1062 4094 conjicietur]
1079 4030 1168 4079 Malim
1186 4043 1239 4078 ena·

147 4103 174 4152 in
186 4118 248 4166 agro
260 4105 458 4165 Mediolanensi,
470 4105 513 4154 nbi
525 4105 657 4155 insubres.
706 4105 809 4166 jectum
827 4115 856 4156 nt
867 4117 894 4155 et
904 4106 1035 4155 Scuoum.

180 4186 191 4209 ²
209 4180 279 4235 Quod
293 4195 349 4230 uae
367 4181 500 4245 acimum]
517 4180 607 4229 Diriui
628 4180 672 4231 bu·
746 4190 757 4215 ²
772 4181 894 4235 Satellius
910 4182 1107 4248 propinquiorque]
1128 4182 1239 4234 Gallieni

146 4267 222 4305 ποτε·
249 4256 358 4321 extorti,
391 4272 442 4308 neu
468 4263 560 4322 rpuute
582 4256 672 4310 delati·
714 4259 824 4311 scilieet.
