3022 5026
403 389 452 436 na
476 388 599 441 suurn
623 393 792 443 uuannro
817 396 991 450 vrououu.
1177 389 1223 453 35

414 672 671 739 MARTINUS
705 673 943 756 HANKIUS,

288 825 342 890 De
358 825 584 893 Romanarum
598 826 723 893 Rerum
738 828 966 913 Scriptoribus
983 845 1023 893 ιι.
1039 829 1072 893 5.

177 1043 202 1091 1.
225 1027 386 1094 Snxrum
407 1026 617 1096 Aurunrurr
641 1031 859 1110 Vrcroasrr,
875 1033 974 1116 cnjus
993 1031 1161 1115 epitomen
1180 1031 1221 1099 de

130 1128 208 1193 vitis
224 1127 462 1216 Imperatorum
476 1135 646 1214 babemus,
660 1155 725 1200 nou
742 1135 882 1200 eundem
894 1154 979 1212 esse,
992 1133 1035 1197 de
1050 1154 1116 1217 quo
1128 1142 1222 1217 parte

129 1233 244 1315 priori,
258 1254 334 1318 cap.
345 1235 398 1300 29.
414 1237 552 1318 egimus,
565 1239 647 1302 satis
661 1238 779 1321 liquet.
816 1236 906 1301 Nam
922 1242 958 1299 et
972 1236 1099 1319 dispari
1115 1237 1220 1320 scrip-

130 1344 242 1400 semut
256 1338 357 1422 stylo,
372 1344 407 1402 et
421 1341 595 1403 contrariis
610 1339 772 1404 interdum
790 1339 965 1403 sententiis
982 1346 1145 1421 puguant.

174 1453 213 1500 11.
236 1438 403 1504 Praeterea
424 1447 538 1504 noster
559 1439 728 1518 Aurelius,
753 1446 862 1506 utrum
886 1438 1017 1518 Victor,
1038 1459 1083 1504 au
1104 1438 1220 1506 Victo·

128 1538 210 1617 rius,
229 1560 272 1605 an
295 1540 489 1607 Victorinus
515 1543 707 1624 cognomine
731 1543 861 1619 audiat,
882 1546 931 1604 est
955 1561 1015 1605 cur
1040 1541 1221 1606 dubitetur.

130 1640 213 1724 Ejus
231 1644 318 1706 enim
338 1643 405 1708 ‘de
425 1642 666 1726 Imperatorum
683 1639 795 1706 Vitis'
816 1643 1026 1726 opusculum,
1043 1645 1221 1728 epigraphe

128 1741 164 1804 in
185 1742 279 1808 Petri
297 1744 425 1808 Pithoei
445 1741 533 1808 Mes.
552 1742 644 1827 qnod
659 1743 810 1808 Andreas
831 1743 992 1809 Schottus
1014 1744 1141 1822 habuit,
1155 1766 1221 1810 uou

129 1848 304 1928 expressis
325 1846 451 1911 ultimis
471 1846 588 1922 literis,
603 1846 704 1910 ‘Seru
720 1846 806 1913 Aur.
820 1845 960 1910 Victor!
980 1853 1016 1912 at
1034 1846 1128 1912 Petri
1150 1847 1221 1914 Da·

128 1947 225 2012 nielis
245 1953 280 2012 et
292 1947 417 2013 Iacchi
433 1948 564 2032 cujacii
580 1947 727 2029 codices,
745 1948 845 2014 ‘Sem
860 1946 943 2011 Aur.
960 1947 1148 2029 Victoriui‚'
1162 1949 1219 2015 do·

128 2056 266 2115 cuerunt
279 2070 366 2115 esse.

171 2168 228 2215 ιιι.
253 2152 324 2216 Imo
341 2153 421 2237 quid
437 2152 467 2217 si
483 2171 616 2237 prorsus
631 2151 702 2230 alii,
715 2168 817 2234 qnam
833 2157 891 2215 aut
907 2149 1053 2230 Victori,
1069 2150 1217 2219 autVic-
1236 2233 1240 2241 .

125 2256 220 2332 torio,
232 2263 290 2319 aut
301 2255 489 2333 Victorino,
501 2274 597 2318 suam
609 2253 731 2319 debeat
741 2252 922 2336 originem?
960 2255 1140 2340 Inscriptio
1152 2263 1219 2322 est:

124 2357 204 2421 ‘De
222 2355 299 2422 Vita
318 2364 352 2421 et
373 2356 528 2421 Moribus
547 2357 787 2440 Imperatorum
803 2355 1043 2435 Romanorum,
1059 2367 1219 2442 excerpta

125 2478 170 2523 ex
192 2460 287 2524 libris
310 2460 409 2524 Sexti
427 2458 558 2523 Aurelii
578 2458 738 2536 Victoris,
750 2477 772 2521 a
791 2455 926 2523 Caesare
940 2458 1095 2542 Augusto
1112 2479 1217 2544 usque

125 2560 168 2626 ad
190 2561 417 2626 Theodosium
440 2559 700 2644 Imperatorem?
743 2559 915 2643 Suspicari
935 2564 1056 2645 possis,
1073 2563 1217 2647 reliquo·

124 2683 198 2728 rum
213 2673 383 2730 auctorum
395 2665 560 2739 Suetonii,
575 2663 745 2747 Eutropii,
757 2664 966 2747 aliorumque
980 2665 1105 2740 (forsan
1120 2667 1217 2747 signo

126 2765 272 2848 quodam
287 2766 415 2846 addito)
426 2769 561 2832 omissis
577 2768 764 2832 nominibus
779 2768 872 2831 innui
887 2769 1027 2832 Sextum
1040 2765 1216 2831 Aurelium

125 2866 310 2946 Victorem,
321 2890 387 2934 nou
402 2890 572 2954 perquem
587 2872 647 2936 sed
662 2891 705 2935 ex
719 2871 816 2954 cujus
832 2871 1036 2953 aliorumque
1052 2870 1146 2933 libris
1158 2889 1217 2933 ex·

124 2981 243 3055 cerpta
261 2973 338 3050 sint,
353 2991 430 3057 qum
449 2975 710 3059 subsequuntur.
757 2975 846 3039 Nam
868 2973 957 3036 hunc
978 2970 1148 3036 Victorem
1171 2992 1214 3036 ex

123 3073 194 3151 ino,
208 3073 250 3139 de
270 3095 339 3160 quo
361 3076 644 3160 supradiximus,
666 3077 763 3161 plura
785 3076 1001 3152 desumsisse‚
1022 3074 1215 3138 conferenti-

123 3178 189 3242 bus
203 3179 288 3243 inter
300 3199 337 3243 se
351 3180 452 3244 libros
467 3180 638 3262 utriusque
654 3186 756 3263 patet
794 3178 857 3254 lta,
872 3186 911 3241 ut
924 3177 1001 3240 huic
1016 3175 1215 3260 conjecturae

123 3280 205 3344 nihii
221 3282 365 3358 obstent,
377 3301 454 3366 quae
469 3301 513 3345 ex
528 3283 592 3345 hoc
609 3283 771 3365 scriptore
787 3282 850 3346 sub
863 3279 1014 3345 Victoris
1029 3281 1160 3345 uomiue
1171 3282 1214 3346 ab

124 3384 370 3467 antiquioribus
391 3383 526 3468 andem
548 3386 651 3449 citata
672 3384 892 3462 inveniuntur,
907 3383 1043 3468 quando
1059 3384 1093 3447 iu
1107 3381 1213 3447 altero

123 3486 223 3550 etiam
239 3486 378 3551 Victore
393 3487 559 3568 leguntur.
1076 3562 1079 3568 ,

167 3604 218 3653 ιν.
240 3587 528 3666 Quemadmodum
540 3608 619 3654 vero
635 3589 730 3654 istius
745 3589 917 3675 Epitomes
937 3594 1054 3654 auctor
1070 3588 1214 3652 incertus

122 3698 194 3771 est3
215 3695 276 3768 sic,
288 3710 357 3776 qua
371 3691 492 3755 vixerit
503 3701 614 3769 aetate,
625 3714 691 3757 uou
703 3700 867 3779 repertum
879 3693 1065 3776 nohis,quo
1076 3689 1211 3754 domnn-

122 3803 273 3858 stremns.
316 3792 467 3858 Gerardo
488 3794 614 3860 Ioanni
637 3795 766 3861 Vossio
788 3795 832 3861 ad
853 3794 1047 3871 Theodosii,
1070 3793 1212 3858 Arcadii

121 3903 158 3961 et
181 3895 327 3959 Honorii
350 3903 502 3980 tempora
530 3898 573 3962 de
605 3898 734 3964 Histor.
761 3899 890 3964 latinis
921 3913 960 3959 ιι.
984 3896 1038 3961 15.
1061 3895 1210 3961 retertur.

122 4000 201 4064 Nos
219 3999 358 4064 eundem
374 4006 560 4084 propterea,
575 4002 664 4086 qnod
680 4002 853 4066 historiam
867 4019 962 4064 suam
977 3999 1011 4062 iu
1025 3998 1210 4064 Theodosii

119 4108 222 4168 morte
240 4101 342 4182 finiat,
356 4104 419 4168 sub
440 4103 556 4168 eodem
575 4104 719 4189 ejusque
736 4102 988 4170 successoribus
1001 4101 1090 4181 filiis,
1105 4099 1209 4168 Arca-
