3022 5026
405 346 412 415 j
427 341 477 392 nn
501 338 718 390 cassamus
742 339 823 390 oar.
848 339 947 391 xnu.
1162 323 1227 389 351

135 488 179 555 ad
196 468 331 556 Italiam
353 485 579 560 contenderet,
601 484 717 569 hyems
739 502 872 568 aspera,
886 484 1080 568 clausaeque
1095 482 1228 569 Alpesk

135 591 320 656 tardavero.
360 590 393 656 6.
416 588 554 654 Interim
572 587 695 654 Romae
716 595 874 671 corrupto
890 588 1002 670 vulgo,
1017 589 1115 654 simol
1132 588 1227 673 Mag·
1347 579 1348 583 '

134 693 237 769 nentii
260 691 351 767 odio,
377 687 624 767 Potentianus,¹
643 699 791 755 materna
815 691 920 773 stirpe
944 690 1065 754 Flauio
1091 695 1259 776 propin-⁶
1315 733 1319 743 ·

136 813 234 878 qous,
259 813 351 859 caeso
373 792 459 859 Urbi
478 794 650 876 praesecto,
666 801 861 875 armataque
877 792 1096 875 gladiatorum
1113 814 1227 872 manu,

136 897 326 980 Imperator
348 896 393 961 fit.
446 897 478 960 7.
512 897 620 981 Cujus
650 895 810 961 stolidum
837 896 1003 979 ingenium
1026 895 1111 961 adeo
1141 897 1230 980 plebi

136 987 301 1066 &manoe
315 999 542 1085 Patribusqne
556 1000 661 1064 exitio
684 999 757 1074 tuit,
775 999 826 1063 uti
841 1000 971 1082 passim
991 999 1126 1078 domus,
1145 999 1231 1079 tora,

135 1104 213 1181 viee,
228 1103 421 1187 templaque
434 1121 551 1168 cruore
574 1121 616 1167 ac
632 1100 853 1166 cadaveribus
869 1102 1099 1186 opplerentur,
1113 1104 1229 1169 busto·

136 1226 208 1271 rum
222 1207 359 1274 ιιιοᾱο.111
402 1206 435 1271 8.
456 1205 580 1290 Neque
594 1224 657 1288 per
670 1225 746 1268 eum
761 1211 903 1283 tantum,
918 1223 1032 1271 amm
1045 1207 1159 1285 etiam,
1172 1206 1229 1273 ad·

137 1308 331 1376 volantibus
348 1309 638 1393 Magnentianis;¹²
660 1309 717 1393 qui
730 1308 900 1374 uincam
909 1307 976 1387 dic,
984 1309 1095 1375 triduo
1107 1313 1231 1389 minue,

135 1412 265 1478 hostem
280 1414 500 1498 perculerant.
545 1414 579 1478 9.
602 1412 670 1478 Sed
680 1413 753 1496 jam
767 1416 877 1491 antea,
893 1431 969 1477 cum
978 1414 1106 1477 externi
1119 1421 1230 1478 motus

137 1522 421 1598 suspectarentur,
439 1515 659 1598 Magnentius
679 1513 773 1578 fratri
789 1513 957 1580 Decentio
981 1514 1125 1594 Gallias,
1142 1514 1231 1580 Con·

137 1617 280 1682 stantius
293 1617 422 1696 Gallo,⁰
436 1617 534 1702 cujus
547 1634 670 1680 nornen
682 1635 743 1680 suo
754 1624 953 1695 mutaverat,
965 1615 1143 1695 Orientem,
1153 1618 1228 1685 Cae-

137 1721 270 1784 saribus
285 1722 527 1786 commiserant.
571 1719 623 1784 lo.
639 1719 713 1803 Ipsi
725 1727 740 1768 Ρ
753 1720 840 1785 inter
853 1740 891 1784 se
903 1720 1088 1786 acrioribus
1104 1721 1230 1805 proeliis

137 1840 200 1905 per
213 1822 388 1888 trienninm
404 1824 588 1906 congressi,
604 1823 648 1887 ad
663 1829 850 1888 extremum
867 1822 1085 1888 Constantius
1104 1824 1229 1907 tugien-

137 1933 205 1988 tem
220 1926 254 1989 in
269 1924 416 1991 Galliam
439 1931 637 2012 persecutus
659 1927 753 1991 vario
769 1927 913 1991 ambosq
935 1925 1107 2009 supplicio
1128 1931 1232 1990 semet

138 2026 253 2110 adegit
264 2026 454 2094 interlicere.
476 2031 529 2095 11.
546 2031 590 2096 Et
604 2032 731 2095 interea
744 2028 939 2095 ludaeorum
951 2029 1083 2105 seditio,
1099 2031 1156 2113 qni
1166 2028 1231 2094 Pa·

138 2129 271 2195 tricium
283 2129 410 2198 nelarie
426 2131 459 2197 in
474 2133 565 2215 regni
580 2134 696 2216 specie
710 2139 721 2168 ¹
735 2132 948 2210 sustulerant,
961 2139 1146 2216 oppressa·
1179 2131 1231 2197 12.

137 2229 263 2316 Neque
287 2233 391 2298 multo
414 2242 496 2318 post
519 2236 564 2299 ob
592 2235 761 2300 saevitiam
787 2241 889 2317 atque
913 2233 1060 2298 animum
1086 2235 1233 2311 trucem,‘
1265 2267 1272 2280 ·

138 2328 261 2399 Gallus
275 2332 421 2418 Augusti
430 2336 529 2420 jussu
546 2337 680 2401 interiit.
725 2335 778 2400 13.
801 2334 856 2400 lta
869 2335 967 2417 longo
982 2334 1158 2401 intervallo
1172 2353 1230 2399 an·

137 2451 218 2500 num
231 2437 300 2502 fere
315 2446 398 2522 post
419 2440 726 2523 septuagesimum,¹¹
751 2438 856 2503 relata
878 2437 922 2502 ad
944 2437 1047 2502 unnm'
1067 2458 1149 2503 cora
1170 2438 1230 2502 rei·

137 2538 295 2621 publioae.
342 2541 395 2605 14.
418 2539 507 2618 Quae
527 2549 669 2605 recens¹
694 2540 809 2622 quieta
835 2559 857 2605 a
881 2540 974 2606 civili
994 2540 1231 2624 trepidatione,

586 2717 769 2739 melon

134 2839 253 2901 prestere
264 2834 366 2886 Schott.
379 2836 413 2885 G.
426 2836 460 2885 1).
472 2836 554 2886 P.-o
564 2841 572 2864 ⁴
581 2834 634 2885 Pro
647 2836 808 2885 Potentiam
818 2835 984 2887 scribendo·
1001 2850 1058 2886 eane
1073 2836 1232 2899 Nepctieaar,

139 2903 214 2965 cnjus
227 2899 370 2951 materfuit
382 2900 518 2963 Eutropia,
532 2899 695 2950 Conatamini
706 2902 743 2978 Μ.
754 2915 835 2963 soror,
845 2902 1025 2978 cognoscimus
1035 2917 1067 2951 ex
1083 2902 1185 2951 Zosimo
1197 2915 1230 2951 ιι.

138 2969 180 3016 tt.
188 2976 215 3018 et
224 2968 371 3031 Eutropx.
379 2965 414 3014 o!
424 2966 494 3017 Hert.
510 2965 640 3017 Moaceac
651 2966 726 3017 Urdaa
735 2967 879 3032 velpa-8
888 2966 1082 3032 Mogaioarepro
1091 2967 1232 3028 Magnenti·

632 3128 739 3180 NOTAE

172 3234 184 3269 ¹
201 3237 338 3300 cumeae
355 3236 440 3302 Atpen]
465 3235 577 3289 Niribna
596 3237 665 3288 aeiti·
737 3234 864 3300 uentu]
880 3236 1059 3300 Magnentiom
1079 3243 1107 3285 et
1129 3236 1232 3287 Decen-

140 3321 191 3362 ω·
706 3318 779 3368 11ιιιιι.
813 3313 1120 3377 VideinirainEpitnrn.

172 3388 365 3454 'Potantiaaar1
382 3390 449 3441 Alite
463 3399 571 3443 vocatur
587 3392 596 3423 ‘
611 3393 666 3443 Ne·
738 3392 796 3441 'Ia
813 3394 884 3455 regat
901 3388 989 3456 pecie]
1007 3391 1102 3441 Matina
1119 3393 1146 3440 ιἰι
1163 3392 1233 3454 regat

140 3464 287 3528 potianoer'
300 3466 463 3517 Constantini
474 3482 507 3517 ea
518 3483 604 3519 acrore
615 3470 666 3520 Ea·
705 3470 815 3534 apem

140 3542 225 3606 tropia
237 3557 317 3607 nepoa
328 3542 386 3595 fuit.
419 3545 513 3595 Zoairn
739 3554 748 3580 ⁸
765 3543 894 3609 Oppmar]
911 3544 965 3593 Per
976 3542 1078 3593 Gallum
1095 3542 1233 3593 Caesarem.

173 3624 191 3652 ¹¹
211 3619 338 3669 Baetem
353 3618 432 3683 ιιιιιάο]
448 3618 491 3670 Ad
508 3621 584 3673 busta
598 3622 666 3673 eninr
738 3624 747 3656 ῑ
760 3623 798 3672 01
807 3622 925 3672 meam
934 3620 1119 3685 σίᾳιιιιιιιίιιιιιιιι
1129 3622 1231 3685 amaa]

142 3695 253 3746 rirorurn
265 3697 420 3760 principum,
435 3697 607 3761 gladiatorum
623 3714 667 3762 pa·
706 3701 816 3762 Eutrop.
835 3699 868 3748 de
885 3699 976 3748 Gallo:
993 3696 1064 3746 ‘Vir
1081 3703 1174 3746 natura
1194 3695 1233 3746 te·

139 3773 180 3822 aia
190 3774 222 3823 ad
235 3782 349 3824 mutuam
360 3789 451 3825 necem
463 3774 656 3840 depugnabant.
706 3790 759 3834 ras,
770 3784 799 3826 at
808 3775 841 3825 ad
854 3773 1014 3839 tyrannidem
1030 3773 1143 3839 pronior,
1153 3772 1175 3824 ai
1186 3787 1234 3824 ean

172 3856 185 3882 ⁹
201 3849 383 3911 Magnentiaaie
411 3849 574 3913 [Mogamaie]
598 3850 666 3914 neae
701 3851 762 3918 Jure
774 3852 902 3916 imperare
913 3850 1048 3901 licuisset!

141 3925 336 3988 Magnentiaaie:
353 3926 378 3975 ld
396 3936 446 3983 eat,
463 3928 507 3990 qrri
521 3926 667 3991 Magnentli
739 3929 863 3979 'laam
876 3928 934 3988 fere
954 3932 1007 3991 port
1025 3926 1234 3992 aeptugaaietan]

140 4010 230 4065 pastea
240 4004 424 4068 aequabantur.
439 4003 532 4053 Sciott-
707 4003 751 4053 ab
768 4018 877 4054 exeeaau
891 4003 952 4054 Cari
967 4002 1136 4066 Imperatoria
1153 4016 1232 4068 omne

172 4078 287 4142 ,⁰Gntte]
302 4079 417 4130 Patrocli
429 4094 484 4130 auo.
706 4082 739 4131 ad
760 4091 867 4132 mortem
884 4080 1109 4144 Magnentianae
1130 4089 1168 4131 eat
1186 4095 1233 4144 per

174 4161 188 4195 Ρ
215 4156 278 4222 Ipaa']
301 4157 467 4211 constantim
490 4165 519 4209 et
540 4157 667 4225 Magnen·
707 4172 788 4208 annos
810 4162 850 4208 ott.
869 4157 924 4207 tere
943 4169 1046 4220 temper
1065 4171 1145 4221 penna
1167 4156 1232 4208 dane

143 4231 203 4283 tina.
418 4297 425 4308 Ι
706 4231 1080 4301 Imperatoreapcteataat'nit.
