3022 5026
204 710 431 816 SEXTI
474 711 769 818 AURELII
817 710 1154 818 VICTORIS

242 1042 466 1139 ORIGO
504 1047 757 1140 GENTIS
794 1047 1126 1140 ROMANAE.

544 1598 817 1670 PRAEFATIO.

183 1779 215 1845 A
226 1778 248 1845 J
252 1796 328 1845 Auo
339 1785 372 1845 et
382 1779 525 1845 Saturno
540 1779 782 1858 conditoribus,
794 1798 853 1862 per
863 1778 1085 1843 succedentes
1096 1777 1230 1844 sibimet

137 1901 244 1966 reges,
260 1902 368 1968 usque
390 1883 433 1946 ad
457 1883 666 1946 consulatum
681 1882 846 1948 decimum
861 1881 1075 1957 Constantii,⁸
1097 1881 1229 1963 digestu

138 2005 183 2048 ex
206 1987 398 2050 auctoribus
419 1985 540 2050 Verrio
563 1983 700 2064 Flacco,
716 1983 967 2069 Antiate1t(nt
987 1984 1118 2068 quidem
1141 1983 1229 2049 idem

139 2084 278 2151 Verrius
301 2088 436 2152 metuit⁰
459 2087 584 2167 dicere,
606 2108 703 2171 quam
729 2085 860 2172 Antie,)
883 2095 952 2151 turn
975 2105 1019 2151 ex
1039 2085 1227 2150 Annalibus

593 2238 770 2261 omumue

171 2337 281 2386 lFteeco
300 2338 405 2388 Audiete
418 2337 549 2394 Schottue,
563 2339 746 2391 Geerbeeekii.
780 2337 952 2390 Diettnctione
964 2344 1023 2399 punt
1037 2338 1121 2388 rucco
1135 2344 1228 2387 curent

139 2401 216 2450 etiem
233 2401 346 2452 Pitireur
362 2411 388 2452 et
405 2404 499 2467 Deiph.
534 2404 600 2454 Vide
612 2416 666 2455 not.
678 2405 725 2455 inf.
757 2405 802 2456 ‘st
821 2405 914 2454 mendo
934 2412 1007 2454 caret
1027 2404 1108 2466 iocur,
1123 2403 1228 2452 ‘Verrii

139 2466 226 2516 Flacci
238 2466 245 2488 '
256 2469 340 2531 petrin
350 2466 400 2518 fuit
411 2470 527 2519 Antium.
560 2470 612 2520 Sed
627 2486 686 2521 enm
699 2472 837 2522 Suetonio·
848 2471 874 2519 in
885 2469 941 2532 ejur
958 2470 1010 2519 vite
1019 2470 1117 2519 nultum
1133 2469 1226 2532 petrin

138 2534 294 2582 mentionem
307 2531 401 2595 facien
420 2549 468 2584 nee
478 2536 523 2584 eiii
551 2550 635 2600 noque
652 2537 692 2586 vei
709 2537 823 2585 hietoriei
837 2536 878 2584 vei
890 2534 1065 2597 gremmetiei3
1080 2532 1161 2599 (quod
1179 2548 1227 2596 ego

139 2597 242 2658 uiridem
253 2597 345 2661 eciem)
354 2613 404 2648 non
414 2599 524 2649 ebeurde
532 2551 623 2651 durren
631 2602 721 2666 utiquie
731 2600 865 2665 tegendum
873 2599 1029 2650 exietimerit
1042 2599 1125 2649 Verrio
1137 2598 1228 2654 Florem

141 2661 239 2711 Veterio
249 2664 363 2713 Antiate:
382 2668 459 2714 nem‘
473 2666 570 2716 Veienti
582 2665 696 2717 Antietir
706 2666 713 2688 ’
722 2668 814 2717 crebra
824 2665 855 2716 tit
864 2666 972 2726 mentio,
982 2678 1032 2715 neu
1044 2672 1144 2713 tanturn
1157 2664 1226 2724 epud

139 2727 204 2777 etioe
215 2741 272 2778 cum
284 2728 451 2781 Letiuoetum
463 2729 572 2782 Graecee
582 2733 733 2796 ecriptorer,
742 2733 788 2782 red
799 2732 878 2781 etiem
889 2731 915 2780 tn
927 2731 975 2780 true
984 2733 1043 2794 ipro
1054 2729 1140 2778 tibetlo
1151 2727 1228 2786 infre,

172 2944 185 2970 ⁸
205 2938 283 3002 thue
300 2941 348 2988 ed
374 2942 519 2991 commem
550 2942 663 2992 deciorum
703 2945 787 2994 Fteero
809 2939 922 3002 Antiate]
945 2939 1030 2991 Quid:
1054 2952 1086 2986 en
1109 2935 1227 2985 Verrium

141 3013 235 3076 Ceret-J
246 3015 316 3078 Ergo
328 3016 417 3066 tituiue
428 3018 535 3070 ietenou
548 3020 663 3082 pertinet
701 3018 834 3069 Antiatem
844 3017 938 3067 vocet?
955 3014 1055 3065 dubito.
1085 3012 1177 3074 Neque
1187 3026 1228 3059 ee·

137 3095 237 3138 tentum
250 3091 283 3140 ed
300 3092 366 3143 hunc
383 3094 496 3144 tibetlnru
513 3096 555 3160 qui
572 3096 662 3145 ineeri·
703 3097 736 3145 tie
758 3097 840 3160 liquet
862 3094 999 3144 Aurius-ne
1017 3088 1094 3139 tuerit
1111 3089 1228 3138 Verrius.

138 3166 210 3217 bitur
226 3168 328 3231 ‘Origo
344 3169 439 3220 Gentio
459 3171 598 3232 Romane&
616 3171 661 3220 red
702 3173 798 3221 Foreen
825 3171 863 3220 ric
888 3165 1112 3230 distinguendum
1143 3164 1228 3214 Verrio

139 3244 216 3292 etiem
228 3244 259 3292 ed
270 3244 333 3294 duur
345 3246 400 3295 iiior
407 3255 545 3309 requenter
557 3247 601 3309 qui
612 3247 662 3295 ‘de
703 3248 800 3306 Fteeee,
810 3245 919 3294 neuere.
947 3242 989 3292 Ite
1000 3251 1028 3290 ut
1039 3255 1085 3304 per
1094 3241 1226 3290 Antiatem

139 3319 206 3369 Virie
217 3320 383 3379 lituetribur,'
397 3330 424 3371 et
437 3323 469 3370 de
482 3324 490 3349 ‘
501 3321 663 3372 Cesaribur'
702 3325 735 3375 Q.
748 3325 866 3372 Veteriue
880 3320 1062 3393 inteiligendue
1074 3321 1108 3369 eit
1117 3321 1160 3384 qui
1173 3320 1227 3369 An·

138 3397 256 3461 inseripti
285 3406 353 3447 eunt.
396 3399 511 3449 Quorum
534 3399 664 3461 porterier
700 3403 750 3451 tire
762 3401 858 3464 tuit,et
869 3398 984 3449 Aunelee
996 3398 1108 3462 reliquit,
1119 3411 1226 3461 quornm

138 3487 219 3536 neque
230 3473 262 3523 ed
278 3474 435 3524 contutatum
453 3474 579 3524 decimum
597 3476 662 3527 Con·
702 3479 748 3528 tib.
761 3491 859 3527 nxxrv.
870 3477 933 3526 citet
944 3474 1092 3525 Prieoienee
1104 3475 1129 3523 in
1148 3487 1189 3522 rx.
1200 3480 1228 3522 et

138 3549 227 3598 etentii
247 3549 370 3613 Augurii,
391 3557 417 3599 et
435 3549 531 3601 Jutteni
552 3553 661 3602 cererin
702 3568 788 3604 nxxv.
820 3553 918 3603 Gettiue
934 3555 1018 3601 vrnss.
1034 3565 1067 3600 ex
1079 3564 1130 3614 quo
1146 3549 1227 3598 etiem

138 3628 243 3676 tertium
277 3627 435 3692 perducitur.
472 3629 548 3680 Unde
578 3632 661 3696 liquet
700 3631 890 3681 muiteiairine.
1145 3627 1148 3633 '

137 3711 256 3767 quartum
275 3704 345 3753 titum
365 3705 418 3752 ‘de
435 3706 490 3755 vite
503 3715 531 3757 et
548 3709 661 3759 moribue
732 3709 797 3758 ⁶Ut
823 3709 915 3772 quidem
945 3707 1007 3756 idm
1037 3705 1107 3757 Verr-
1130 3701 1229 3765 W]

137 3779 328 3842 impertionem
335 3782 525 3846 Romanorum(
533 3787 576 3850 qui
585 3779 661 3850 Ἐρῖ·
701 3785 810 3834 Verriur
822 3785 946 3834 Antiatem
953 3783 1041 3834 metuit
1053 3780 1140 3829 dicere
1151 3792 1227 3843 quem

137 3857 240 3905 tumee'
255 3858 357 3907 nomine
368 3857 557 3922 circumfertur,
567 3862 600 3909 eb
611 3865 662 3911 etio
702 3861 816 3911 Antium:
836 3863 931 3910 utinum
951 3860 982 3908 ed
1001 3874 1048 3908 noe
1067 3858 1228 3921 pervenireet

138 3933 246 3983 Victore
257 3935 380 3999 ecripturu
397 3933 488 3997 fuiree,
503 3937 600 4001 qnippe
618 3939 661 4003 qui
702 3940 774 3988 iocur
785 3940 829 3987 itte
841 3938 926 3987 Verrii
939 3937 982 3986 ubi
999 3937 1032 3986 de
1049 3937 1098 3985 hoe
1110 3934 1226 3998 diepute·

136 4008 164 4059 iu
177 4010 313 4061 'l'ireodorit
328 4019 412 4062 morte
423 4012 533 4062 detinet.
565 4013 616 4064 Sed
628 4015 662 4066 de
701 4016 763 4066 bet:
783 4014 941 4079 nequeenim
954 4013 1021 4077 epod
1030 4013 1109 4062 utturn
1120 4027 1225 4078 nequem

136 4083 186 4134 troc
197 4093 287 4149 portet
297 4085 406 4144 dicetur,
417 4101 476 4137 curn
486 4086 519 4137 ed
531 4101 589 4138 eum
601 4103 661 4139 ren·
700 4091 855 4154 scriptorem
867 4104 910 4140 me
919 4090 1017 4155 datter,
1027 4105 1059 4152 ce,
1069 4089 1163 4154 legiere
1174 4105 1226 4141 me·

138 4162 264 4210 temerit.
701 4167 773 4224 ruini,
794 4166 840 4216 red
863 4180 966 4229 eemper
989 4166 1087 4229 Artior,
1107 4165 1227 4215 Auiette.

171 4235 287 4288 ⁵an
315 4240 409 4305 Fteem,
435 4239 536 4293 Antiete
562 4242 662 4309 [Verrio
703 4244 760 4294 Lir.
770 4249 799 4296 et
808 4241 1102 4309 et.eb‘dnttum,'quer
1112 4242 1174 4292 urbe
1186 4249 1226 4290 ert
