3022 5026
271 337 318 404 22
676 395 679 399 .
734 352 891 406 runicis

273 503 370 586 epist.
389 502 440 566 12.
466 501 511 565 D.
528 519 666 585 quoque
687 499 914 584 Hieronymus
934 501 968 562 in
992 499 1160 582 Catalogo
1184 517 1295 566 eorum
1312 504 1371 587 qui

272 605 314 671 de
328 605 502 686 scripturis
517 604 644 667 sanctis
656 604 825 668 memoriae
840 603 967 687 aliquid
984 603 1209 686 prodiderunt,
1218 604 1262 668 ad
1279 605 1370 670 Dex-

274 715 360 773 trum
384 706 543 789 praetorio
566 705 759 789 prefectum
781 707 911 790 aliquot
933 712 1129 786 enumerat;
1152 725 1291 790 quorum
1310 728 1372 774 uo·

166 853 178 872 ,
274 810 366 873 rniua
382 815 523 884 tantum,
540 828 647 891 eaque
662 810 721 872 vix
736 808 873 890 integra,
890 810 933 873 ad
950 816 1098 873 uostram
1112 827 1223 891 usque
1236 817 1370 875 aetatem

275 918 513 994 pervenerunt:
538 917 547 943 ‘
564 909 749 986 Fecerunt‚'
763 912 882 994 inquit,
909 917 918 945 ‘
935 911 1000 975 boc
1021 911 1109 975 idem
1124 912 1216 994 apud
1231 910 1371 977 Graecos

275 1013 485 1097 Hermippus
516 1011 776 1095 Peripateticus,
808 1012 998 1093 Antigonus
1025 1014 1201 1090 Caristius,
1233 1015 1373 1099 Satyrus

276 1116 397 1182 doctus
414 1117 473 1192 vir,
489 1120 522 1177 et
536 1115 632 1194 louge
647 1116 791 1178 omnium
812 1116 1027 1180 doctissimus
1051 1114 1273 1181 Aristoxenus
1296 1115 1373 1181 Mu·

276 1221 381 1283 sicus.
425 1216 526 1300 Apud
547 1217 692 1302 ¹Latinos
707 1215 829 1293 Varro,
852 1216 982 1293 Sitntra,
1001 1217 1132 1300 Nepos,
1148 1217 1327 1302 Hyginius,
1342 1228 1375 1285 et

276 1319 320 1384 ad
335 1319 433 1402 cujus
448 1339 509 1382 nos
529 1319 721 1402 exemplum
746 1320 798 1383 vis
822 1338 1016 1402 provocare,
1036 1319 1276 1405 Tranquillus!
1321 1322 1374 1385 De

275 1421 440 1487 Varronis
465 1428 576 1486 autem
602 1424 824 1505 septingentis
848 1424 1048 1499 illustribus,
1067 1442 1154 1507 quos
1176 1424 1301 1506 primos
1316 1443 1374 1487 uo-

276 1526 421 1590 minasse
436 1526 598 1616 oportuit,
613 1526 779 1591 videndus
795 1525 884 1592 Plin.
901 1527 1020 1591 Natur.
1031 1526 1161 1591 Hister.
1172 1526 1230 1590 lib.
1244 1545 1374 1594 xxxV.

252 1614 355 1714 'cap
370 1629 404 1695 2.
449 1629 650 1693 Lactantius
676 1649 825 1714 quoque,
849 1629 1110 1698 Christianorum
1131 1628 1261 1710 Cicero,
1281 1632 1375 1696 Divi·

277 1749 348 1796 nar.
371 1732 488 1798 Iustit.
513 1733 613 1798 lib.1.
637 1752 715 1817 cap.
729 1736 783 1799 10.
805 1734 1015 1818 Tarquitium
1040 1733 1208 1817 quendam
1230 1734 1272 1798 de
1294 1736 1376 1798 viris

277 1833 464 1899 illustribus
478 1836 593 1900 laudat
608 1847 792 1908 auctorem,
814 1839 873 1901 ubi
895 1839 973 1921 quis
1000 1834 1219 1922 Tranquillum
1238 1856 1314 1900 esse
1329 1837 1376 1902 le-

278 1937 419 2018 gendum
435 1935 606 2020 conjiciat,
622 1939 687 2002 nisi
704 1940 795 2004 aliud
810 1941 907 2005 locus
923 1943 999 2023 ipse
1020 1941 1190 2005 suaderet.
1235 1939 1377 2006 Memini

278 2038 389 2120 legere
403 2039 493 2123 apud
507 2039 742 2119 Tritbemium,
766 2041 968 2125 Prosperum
984 2040 1223 2125 Aquitanicam
1240 2041 1281 2105 de
1296 2043 1377 2106 viris

278 2159 412 2225 quoque
427 2141 610 2206 illustribus
626 2145 817 2227 scripsisse,
831 2146 892 2208 sed
910 2146 1073 2215 sacrisue,
1085 2143 1299 2228 auprolanis,
1310 2162 1377 2208 non

277 2242 404 2330 liquet3
428 2244 638 2329 nequeenim
655 2246 764 2311 videre
778 2247 928 2330 eontigit.

678 2545 739 2606 DE
761 2545 984 2607 AUCTORE

556 2708 775 2760 VIRORUM
803 2705 1109 2759 latusculum.

200 2858 207 2869 ’
321 2847 449 2914 Soter
464 2848 499 2912 in
514 2849 670 2915 methodo
685 2846 921 2933 pertractanda
935 2847 1011 2914 brae
1027 2847 1135 2931 primo
1147 2844 1293 2930 questio
1309 2843 1379 2928 agi·

281 2953 365 3018 turi:
388 2953 398 2986 ‘
414 2949 467 3015 Au
483 2952 539 3030 sit,
555 2971 622 3036 qua
636 2953 677 3017 de
691 2953 738 3017 roi
753 2959 882 3030 natura,
895 2970 938 3016 au
953 2951 1128 3024 subsistat,
1143 2955 1299 3034 quarunt
1313 2946 1380 3012 dil·

216 3124 219 3131 ,
280 3053 406 3119 ferendi
426 3055 593 3120 artifices!
637 3055 762 3120 Eadem
784 3075 846 3120 uos
869 3055 925 3119 ria
946 3054 1049 3137 prius,
1070 3071 1172 3136 quam
1187 3051 1230 3114 ad
1244 3069 1312 3115 rem
1328 3052 1380 3134 ip-

281 3176 355 3221 sam
371 3159 555 3237 reniamus,
570 3158 612 3222 de
628 3166 765 3224 auctore
780 3157 882 3242 buJus
896 3155 1012 3232 libelli,
1032 3154 1160 3219 Plinius
1176 3172 1230 3231 ne,
1242 3173 1285 3216 an
1297 3151 1380 3219 Cor·

282 3258 392 3324 nelius
407 3259 537 3344 Nepos,
553 3281 595 3325 au
609 3268 723 3327 neuter
737 3263 851 3347 potius
864 3261 920 3336 sit,
937 3258 1082 3323 breviter
1095 3274 1215 3321 sumus
1230 3254 1382 3340 disputa·

283 3363 366 3428 turi:
390 3362 431 3426 de
453 3384 521 3448 quo
544 3365 647 3430 variae
670 3374 748 3430 suut
768 3362 1037 3429 doctissimorum
1060 3359 1240 3431 bominum,
1257 3367 1292 3424 et
1313 3359 1381 3423 dis·

284 3471 460 3549 crepantes
480 3468 671 3532 sententiae:
694 3466 832 3551 quidam
852 3468 939 3530 enim
962 3463 1002 3530 G·
1019 3463 1132 3527 Plinio
1154 3462 1309 3538 Caecilio,
1324 3460 1383 3524 alii

283 3566 439 3633 Cornelio
456 3568 597 3651 Nepoti,
612 3571 760 3635 nonnulli
776 3571 941 3636 Suetonio
954 3563 1150 3649 Tranquillo
1165 3564 1383 3645 inscripsere;

283 3687 347 3734 nec
371 3669 505 3734 defuere
529 3671 586 3753 qui
611 3672 748 3735 AEmilio
771 3672 896 3737 Probo.
942 3668 1032 3734 Nam
1055 3669 1115 3751 qui
1138 3665 1178 3731 C.
1193 3662 1383 3730 Cornelium

284 3772 444 3838 Tacitum
460 3781 626 3838 auctorem
643 3774 781 3848 faciunt,
798 3781 870 3839 totu
883 3772 974 3837 coelo
989 3791 1098 3836 errare
1112 3767 1194 3833 mibi
1208 3765 1383 3829 videntur:

285 3876 393 3959 stylus
407 3877 508 3952 enim,
524 3875 725 3962 dicendique
739 3879 826 3943 ratio
841 3876 1013 3952 reclamat,
1027 3873 1105 3939 salsi
1120 3870 1273 3944 sortasse,
1292 3867 1384 3950 quod

286 3976 536 4044 decretoribus
562 3980 748 4046 illustribus
771 3981 950 4065 scripsisse
969 3979 1130 4043 Taciturn
1155 3970 1384 4036 audivissent:

287 4079 346 4143 sed
361 4101 448 4157 eum,
463 4082 521 4165 qui
537 4084 636 4165 vulgo
659 4086 897 4159 circumfertur,
919 4081 1070 4146 libellum
1096 4074 1206 4139 Fabio
1229 4072 1385 4150 Quincti·

287 4181 382 4248 lluuo
397 4201 476 4246 vero
490 4186 622 4250 auctori
636 4205 740 4271 nuper
754 4187 904 4252 restituit
918 4185 952 4249 iu
974 4183 1027 4248 bis
1046 4178 1152 4276 literis
1166 4175 1386 4242 doctissimus
