3022 5026
543 352 721 438 unisona.
758 388 841 439 cau.
865 391 964 440 xci-r.
995 388 998 393 ·
1234 376 1301 440 439

204 536 376 602 fluminum
397 533 513 611 modo,
528 542 650 618 captus
675 553 733 599 rex
758 535 881 599 nobilis
902 534 1212 617 Chonodomarius3
1235 539 1301 602 susi

206 658 324 703 omnes
340 639 542 721 optimates3
564 636 714 701 redditus
739 634 859 701 limaek
875 636 1039 704 Romanae
1054 642 1300 723 possessionis3

207 761 249 804 ac
279 740 490 824 postmodum
517 758 592 805 cum
624 739 800 805 Alamauis
826 740 1001 819 dimicans,
1034 744 1301 824 potentissimum

206 862 322 906 eorum
352 862 462 925 regem
499 841 742 907 Vadomarium
771 841 874 927 capit.
916 845 970 908 15.
995 843 1064 908 Ηίο
1091 862 1112 907 a
1137 844 1302 910 militibus

206 944 396 1009 Gallicanis
414 945 587 1028 Augustus
610 947 853 1030 pronuntiatur.
899 948 951 1013 16.
975 947 1065 1011 Hinc
1086 946 1303 1012 Constantius

206 1067 322 1128 urgere
337 1048 572 1132 legationibus,
598 1049 632 1113 iu
648 1057 769 1114 statum
785 1068 978 1132 nomenque
995 1051 1169 1133 pristinum
1195 1068 1303 1113 rever-

207 1148 315 1216 tatur.¹
347 1151 506 1216 Julianus
521 1151 682 1216 mandatis
699 1151 907 1216 mollioribus
922 1152 1030 1231 refert,
1042 1171 1078 1215 se
1093 1153 1156 1215 sub
1171 1153 1303 1218 nomine

208 1253 292 1317 celsi
316 1255 446 1339 imperii
471 1256 579 1319 multo
604 1254 787 1319 officiosius
808 1256 1002 1339 pariturum.
1047 1255 1100 1318 17.
1123 1253 1190 1318 His
1217 1255 1303 1320 Con-

207 1357 351 1421 stantius
371 1358 477 1439 magis
497 1359 672 1441 magisque
693 1357 812 1421 ardeus
838 1358 964 1436 dolore,
979 1369 1092 1442 atque,
1108 1366 1145 1421 ut
1169 1367 1241 1422 erat
1256 1365 1303 1422 ta·

207 1459 288 1522 lium
306 1460 499 1543 impatiens,
512 1461 546 1524 in
562 1460 732 1525 radicibus
747 1462 852 1527 Tauri
866 1463 987 1526 montis
1001 1460 1092 1545 apud
1113 1460 1303 1545 Mopsucre-

208 1580 272 1624 neu
284 1568 304 1597 ¹¹¹
329 1562 414 1627 labri
430 1564 603 1641 acemima,
621 1584 721 1647 quam
745 1565 926 1647 indignatio
942 1565 1042 1629 nimia
1059 1563 1181 1647 vigiliis
1205 1577 1304 1645 auga-

208 1663 279 1737 bot,
303 1665 428 1730 interiit
450 1684 537 1729 auno
565 1669 628 1732 aeri
650 1677 772 1749 quarto
797 1673 833 1732 at
860 1666 1147 1752 quadragesimo,¹³
1172 1667 1305 1749 imperii

207 1784 299 1830 nouo
311 1776 415 1852 atque
430 1769 613 1848 tricesimo,
623 1789 733 1835 varum
748 1770 920 1854 Augustus
929 1777 1044 1854 quarto
1058 1770 1304 1852 vicesimoque:

209 1877 288 1933 octo
304 1870 411 1951 solus,
429 1890 505 1936 cum
531 1871 690 1937 iratribus
706 1880 809 1957 atque
826 1873 1018 1957 Magnentio
1035 1871 1193 1949 sedecim,
1209 1873 1306 1956 quin*

208 1971 318 2035 decim
336 1972 464 2038 Caesar.
508 1973 561 2039 18.
586 1973 686 2038 Felix
702 1975 800 2039 bellis
826 1975 1012 2053 civilibus,⁰
1033 1976 1179 2039 extemis
1199 1975 1305 2058 lacry-

208 2075 360 2140 mabilis:
383 2078 486 2142 mirus
501 2077 623 2149 artilex
637 2078 671 2143 iu
684 2079 836 2161 sagittis:
859 2099 881 2142 a
892 2079 970 2143 cibo
982 2077 1129 2162 vinoque
1141 2083 1175 2141 et
1189 2097 1306 2142 somno

209 2177 348 2241 multum
380 2188 596 2264 temperans?
620 2181 755 2265 patiens
785 2181 923 2258 laboris,
950 2180 1116 2246 facundiae
1147 2181 1307 2264 cupidus3

209 2298 309 2363 quam
326 2301 402 2347 cum
418 2284 556 2367 assequi
580 2283 737 2350 tarditate
761 2282 883 2367 ingenii
899 2303 966 2348 non
983 2292 1112 2367 posset,
1127 2282 1203 2347 aliis
1221 2283 1307 2347 invi·

209 2383 321 2448 debat.
379 2385 432 2449 19.
470 2386 670 2471 Spadonum
697 2387 952 2470 aulicorumque
982 2387 1087 2450 amori
1116 2385 1251 2449 deditus
1273 2393 1307 2450 at

211 2612 374 2664 Nodouurias
393 2615 455 2664 Mas.
473 2630 515 2681 ap.
533 2617 636 2668 Sebott.
654 2617 800 2668 veronens.
818 2627 846 2667 et
865 2616 1012 2682 Aiigustau.
1032 2614 1110 2665 codd.
1141 2615 1258 2664 Cassiani
1281 2624 1308 2664 et

210 2677 331 2740 (impuli,
344 2680 520 2743 Lugdunensis
532 2683 687 2747 typographi
699 2683 868 2746 exemplaria,
879 2690 905 2731 et
913 2680 974 2731 Ald.
1006 2681 1071 2729 Tum
1083 2695 1130 2792 pro
1142 2680 1308 2739 Vadomarium

209 2743 278 2805 quod
297 2757 330 2791 ex
343 2743 478 2794 Ammiano
495 2745 647 2796 Marcellino
665 2749 780 2797 restituit
800 2748 912 2798 Gruuer.
933 2744 1009 2796 codd.
1022 2746 1080 2794 Gue
1093 2745 1111 2793 f.
1129 2739 1190 2795 Ain.
1207 2745 1309 2794 aenou.

210 2807 246 2857 G.
269 2808 304 2857 D·
327 2807 359 2858 P.
383 2810 480 2859 liabent
501 2812 681 2874 Budomurimu,
699 2812 828 2877 bibatque
850 2810 942 2861 Aruts.
971 2826 985 2860 a
1006 2811 1063 2860 cod.
1084 2810 1158 2859 Laid.
1174 2814 1198 2858 l.
1218 2809 1308 2859 Baldo·

210 2873 388 2923 sturiam-16
404 2870 496 2924 ‘Hanc
510 2879 584 2925 const
585 2909 669 2926 .....
679 2880 841 2929 minatum
853 2875 979 2927 Arntzan.
1013 2875 1308 2924 aucmentando.

210 2947 237 2987 et
248 2947 356 3003 utroque
364 2938 497 2989 Guelferb.
507 2940 618 2992 Gruner.
626 2943 669 3007 qui
682 2951 778 3006 praeter
786 2958 817 2991 ea
827 2947 855 2991 at
866 2942 965 2991 delevit
975 2941 1133 2991 auctoritate
1144 2938 1202 2989 cod.
1212 2937 1309 2990 Guelfi'

211 3002 351 3054 Ham-1⁷
369 3004 435 3056 Hinc
446 3006 601 3057 Gaudentius
613 3008 714 3058 Schott.
732 3008 829 3059 Gaesb.
846 3007 945 3072 Dalpb.
962 3005 1119 3056 Pinea-rs
1135 3004 1241 3055 Maiiam
1258 3003 1308 3068 [iu]

707 3121 817 3174 NOTAE

211 3216 278 3266 Vide
291 3215 420 3267 Ammine.
432 3218 477 3268 lib.
488 3232 546 3270 xvi.
558 3221 585 3270 iu
595 3219 656 3271 liue.
780 3222 827 3272 bos
844 3221 992 3282 stationam,
1002 3219 1050 3268 sub
1064 3217 1144 3268 Tauri
1163 3216 1257 3267 montis
1269 3230 1309 3266 rs·

244 3292 392 3345 *Reddita
410 3298 489 3361 limes]
517 3296 626 3362 Eutrcp.
646 3298 739 3349 'Sum
780 3296 1021 3363 diciboepositam.'
1054 3294 1125 3345 Male
1142 3294 1309 3359 opinorliob.

212 3373 325 3436 motique
343 3375 409 3422 ultra
427 3373 543 3423 Rhenum
561 3375 696 3438 Germani,
712 3382 740 3426 et
780 3376 904 3441 Stephani
922 3374 1014 3434 aditio,
1030 3387 1088 3438 qum
1103 3372 1244 3436 Myndum,
1261 3384 1309 3439 pru

212 3446 307 3497 finibus
324 3449 377 3497 {tiit
395 3448 537 3500 mutabam
553 3451 739 3514 imperiumn·
780 3452 949 3518 Mopsueuim
962 3456 1140 3514 reprmeutat,

213 3523 354 3571 ”linium
813 3537 825 3563 ¹¹
842 3527 900 3578 AEui
913 3531 998 3591 quarto
1007 3532 1032 3576 et
1043 3521 1235 3588 quadragesimo]
1253 3522 1308 3574 Na-

253 3597 410 3664 ¹N⁰Ml¹2
439 3603 568 3666 pristiam
594 3607 739 3671 reametur]
780 3612 822 3656 tus
845 3606 913 3654 euim
931 3604 963 3654 Α.
982 3603 1014 3651 U·
1033 3605 1105 3651 1069.
1126 3611 1183 3664 post
1203 3602 1233 3650 C·
1251 3603 1308 3649 tii.

132 3695 136 3703 ·
213 3673 335 3725 Caettflt·
780 3690 970 3732 mortuusvero
981 3680 1134 3730 multia.
1146 3687 1204 3741 post
1216 3677 1310 3727 caat.

245 3760 263 3786 ¹
279 3743 543 3821 spm'mpsoeem]
559 3759 740 3822 Mopsucreua,
781 3758 964 3809 Casardictus
975 3770 1042 3805 auno
1054 3755 1140 3805 utaris
1150 3755 1251 3818 quinto.

214 3829 370 3894 Μοψυκρήη,
385 3833 444 3883 urbs
455 3835 480 3883 iu
493 3835 585 3886 Cilicia
595 3835 627 3885 ad
639 3836 740 3888 radicet
813 3844 825 3868 ⁰
838 3836 910 3885 seue
920 3834 987 3885 bellis
997 3832 1119 3896 ciuilibus]
1138 3832 1188 3881 ‘Et
1199 3832 1271 3897 cujus
1283 3831 1308 3880 iu

213 3909 309 3958 montis
325 3906 420 3969 Turirl3
444 3910 533 3961 batiae
551 3913 632 3977 Mopsi
639 3913 706 3972 sons,
726 3928 742 3962 a
782 3911 909 3968 civilibus,
922 3909 1080 3973 magisqusm
1092 3910 1117 3956 iu
1129 3909 1244 3958 externis
1257 3911 1309 3958 bel·

214 3985 309 4049 Mopso
317 3984 424 4035 Munius
434 3984 503 4035 tilio:
520 3988 625 4039 undeet
636 3991 741 4054 quibua·
782 3988 824 4049 iis,
835 3989 868 4037 sit
878 3985 1010 4036 laudanda
1020 3983 1143 4034 fortuna!
1166 3985 1276 4048 Eutrop.

214 4061 272 4110 dun
292 4059 451 4125 notanimis,
470 4062 618 4127 Mopsuestia
637 4066 742 4130 dieitur,
814 4060 1088 4127 antummum]
1100 4061 1310 4126 Temperantia.

212 4138 322 4202 ‘Mopsi
339 4137 449 4189 dumnu’
475 4138 601 4190 Ammine.
619 4142 664 4191 lib.
680 4156 741 4194 xxi.
782 4151 810 4194 et
830 4142 969 4192 Veronam.
988 4138 1031 4190 ed.
1048 4138 1131 4188 bene:
1156 4154 1214 4204 qua
1231 4140 1309 4191 lectio

213 4223 221 4245 ⁴
235 4214 316 4265 Petili
333 4228 379 4277 per
391 4215 444 4265 vim
457 4210 574 4266 difficiles
585 4217 742 4281 Mopsucui·
783 4219 949 4274 confirmatur
960 4217 994 4267 ab
1002 4213 1147 4282 Ammiano,
1156 4230 1232 4284 quem
1241 4217 1309 4269 vide.

215 4290 493 4344 morticinium
509 4292 556 4344 irae
572 4294 742 4360 pertingenti·
1305 4284 1307 4291 ’
