3022 5026
300 336 563 388 renrerrours
586 336 850 387 cuuunnmsm
874 336 1105 386 reurrcuur.
1202 320 1246 391 lo

150 504 195 551 ex
217 483 313 551 iihris
337 482 435 548 Sexti
455 481 586 549 Aurelii
605 480 759 548 Victoris
781 480 953 549 aCaesare
967 482 1122 567 Augusto
1137 501 1246 569 nsque

151 589 193 653 ad
208 587 457 653 Theodosium!
494 584 604 664 Quem
620 606 723 669 sopra
733 585 806 670 jam
822 584 1046 664 laudavimus,
1059 587 1246 664 Fabricius,

151 690 314 756 Biblioth.
338 689 417 754 Lat.
442 689 509 753 vol.
536 704 562 752 1.
586 708 620 772 p.
645 689 721 752 574.
750 688 825 752 libri
855 689 991 752 titulum
1015 689 1103 753 huno
1127 689 1245 755 refert:

151 791 232 857 ‘De
245 792 330 858 Vita
353 798 387 856 et
409 791 563 857 Moribus
586 790 827 874 Imperatorum
848 788 1074 855 Romanorum
1089 791 1247 878 Epitome

151 916 196 960 ex
215 895 311 959 libris
330 895 426 959 Sexti
446 894 577 959 Aurelii
591 892 742 958 Victoris
766 913 788 958 a
810 892 947 957 Cessare
964 891 1119 976 Augusto
1139 915 1245 980 usque

151 997 193 1062 ad
220 1017 400 1063 excessum
424 996 606 1061 Theodosii
632 993 732 1080 Imp'
774 995 846 1073 Alii
870 997 920 1061 ita
945 995 1139 1080 perhibent:
1167 999 1247 1064 ‘De

152 1099 236 1166 Vita
249 1105 281 1164 et
295 1098 448 1181 Moribus
465 1098 706 1183 Imperatorum
722 1097 952 1164 Romanorum
974 1107 1137 1185 excerpta
1151 1120 1195 1165 ex
1209 1101 1248 1166 li-

150 1203 220 1268 bris
246 1202 340 1268 Sexti
364 1200 495 1266 Aurelii
521 1200 670 1267 Victoris
694 1223 716 1266 a
738 1200 872 1267 Caesare
895 1200 1047 1285 Angusto
1069 1221 1179 1286 usque
1202 1202 1248 1268 ad

151 1304 381 1370 Theodosium
404 1301 668 1387 Imperatorem’
712 1304 754 1369 In
776 1303 829 1368 his
850 1322 932 1370 vero
947 1304 1040 1369 nulla
1055 1306 1153 1389 plane
1169 1326 1249 1372 auc·

153 1408 234 1472 toris
256 1409 397 1472 mentio:
419 1414 458 1470 ut
476 1413 565 1471 recte
586 1405 720 1470 omuino
738 1405 942 1472 Arntuenius
957 1405 1140 1471 affirmasse
1156 1408 1249 1474 ride·

153 1516 236 1589 atur,
262 1529 376 1574 rerum
401 1508 502 1593 hujus
525 1507 632 1572 libelli
658 1515 826 1573 auctorem
849 1507 950 1573 hodie
974 1509 1127 1590 ignorari.
1180 1510 1250 1576 Sed

152 1631 260 1697 neque
283 1611 545 1694 inscriptionem,
559 1628 659 1693 quam
682 1627 787 1692 supra
807 1611 915 1688 attuli,
931 1611 974 1675 ab
993 1617 1128 1675 auctore
1142 1612 1250 1677 lihelli

152 1735 227 1780 esse
245 1734 388 1792 cense03
411 1712 503 1796 quod
522 1711 658 1775 libellus
677 1711 709 1774 is
722 1729 789 1774 non
804 1731 848 1774 ex
864 1712 939 1776 solo
952 1710 1094 1778 Aurelio
1108 1711 1248 1779 Victore

153 1814 424 1881 ‘deCaesaribus’
440 1819 602 1897 excerpta
613 1812 776 1890 continet,
785 1813 846 1878 sed
860 1813 967 1878 multe
980 1813 1080 1878 etiam
1091 1833 1135 1878 ex
1145 1817 1250 1900 scrip·

153 1919 282 1983 toribus
309 1919 384 1983 eliis
410 1917 572 1997 desumta,
595 1916 699 1982 immo
724 1917 881 2001 quaedam
905 1917 1070 1982 contrarie
1096 1918 1148 1994 iis,
1171 1938 1249 2002 quae

154 2020 246 2105 apud
276 2020 451 2085 Aurelium
476 2016 648 2084 Victorem
679 2020 844 2104 leguntur.
900 2018 954 2083 De
978 2025 1078 2084 aetate
1104 2022 1250 2089 auctoris

152 2123 234 2189 nolo
256 2129 382 2189 temere
402 2122 590 2187 decernere.
634 2121 672 2186 Is
692 2128 802 2187 tamen
815 2120 1042 2187 Theodosium
1059 2121 1249 2205 Augustum

152 2226 293 2303 vidisse,
320 2245 396 2310 cap.
421 2239 561 2290 xnvrrr.
585 2223 604 2310 ξ
626 2223 659 2290 8·
682 2242 750 2291 non
774 2225 919 2291 obscure
946 2223 1132 2308 significare
1158 2225 1250 2290 ride-

154 2343 218 2415 tur,
233 2335 294 2399 &c
