3022 5026
454 319 502 414 he
526 366 745 415 ousunruus
776 367 859 415 oue.
887 366 969 415 xvi.
1183 353 1248 418 275

151 517 377 591 committeret,
402 532 501 597 qnam
527 519 692 576 sectarum
719 511 846 576 arduuu
869 519 906 575 et
928 513 1064 577 occultu
1086 515 1246 600 expleue-

151 621 268 683 visset.
312 618 343 681 9.
369 616 562 681 ltaiucertu
576 612 681 677 belli¹
704 614 780 695 ejus
806 613 912 678 salute
937 613 1099 679 doctrinm
1126 618 1247 684 studiis

152 720 382 786 metuebantur
390 708 404 780 :'
423 726 619 801 tantumque
633 716 693 780 illo
716 718 898 799 imperante
922 715 1064 780 floruere
1080 727 1170 783 artes
1184 722 1248 786 bo-

152 843 217 896 nee,
234 828 271 886 ut
285 822 375 886 illam
392 821 530 902 gloriam
552 821 654 884 etium
675 826 858 904 temporum
873 824 996 903 putem.
1041 820 1094 884 to.
1117 820 1246 902 Legum

154 926 313 1005 ambigua
327 925 409 987 mire
424 923 591 1000 distinctu,
610 922 940 1006 vadimoniorumque
956 921 1087 986 solenni
1109 932 1248 1003 remoto,

154 1026 483 1109 denuntiandoquey
506 1026 590 1104 titis,
616 1025 872 1109 operiendaeque
889 1024 932 1088 ud
955 1024 1044 1089 diem
1071 1026 1247 1091 commode

149 1131 209 1212 jus
237 1129 472 1196 introductum.
526 1129 585 1193 11.·
602 1129 694 1195 Data
722 1131 855 1194 cunctis
886 1131 1073 1212 promiscue
1103 1130 1248 1193 civitas¹

610 1291 789 1316 00000000οΝ0

155 1395 243 1445 Cassio
256 1408 281 1456 p.
293 1399 350 1447 448.
370 1409 394 1444 e.
413 1399 437 1445 Β.
451 1394 618 1447 obtestantium
635 1397 661 1445 oi
678 1394 921 1457 circumfunderetur?
940 1394 1132 1445 Harl-9‘1ta
1145 1429 1152 1442 .
1164 1429 1170 1444 .
1183 1431 1189 1444 .
1201 1411 1249 1445 orre-

155 1461 290 1512 tuebarrtur·
322 1462 406 1511 Locus
428 1460 541 1510 difficilis
558 1469 586 1511 et
604 1462 751 1511 mendosus.
783 1462 908 1524 Equidem
927 1459 1086 1523 suspicabar,
1105 1461 1155 1522 ejus
1173 1463 1249 1510 saluta

155 1527 314 1588 doctrinaque
327 1527 415 1575 studiis
425 1527 601 1586 metiebamur,-
617 1528 673 1576 scil.
685 1527 845 1590 philosophi:
865 1527 903 1574 rel
921 1528 1000 1574 etiam
1013 1526 1123 1587 psssire,
1134 1535 1163 1575 ut
1179 1528 1250 1589 apud

156 1593 320 1640 Laurentium
336 1591 369 1640 de
381 1591 463 1640 Mort.
479 1592 586 1642 Perseo.
594 1596 635 1641 2³.
646 1597 671 1641 2.
687 1593 758 1654 ‘agri
768 1592 891 1654 glebatim
903 1589 1097 1640 metiebantur!
1106 1623 1128 1638 ..
1138 1626 1144 1639 .
1154 1591 1250 1641 Cerau-

156 1657 236 1704 bonus
254 1665 369 1706 nostrum
388 1656 451 1706 Aur.
462 1656 577 1705 Victoris
588 1658 671 1706 locum
684 1659 802 1718 corrigit,
820 1659 945 1720 probante
958 1655 1088 1711 Grnnero,
1108 1657 1144 1705 itu
1157 1657 1250 1707 incerto

156 1721 211 1770 belii
223 1722 247 1769 in
259 1722 309 1782 ejus
319 1724 403 1776 saluto.
412 1724 453 1781 tre.
486 1723 625 1771 Salmasius
635 1737 695 1772 vero
709 1739 734 1787 p.
744 1727 800 1772 449.
813 1724 853 1770 vel
866 1722 1013 1784 distinguit,
1023 1722 1114 1770 incerta
1125 1720 1189 1783 betti,
1200 1722 1251 1782 ejus

155 1788 363 1841 salutemur-irrue
376 1787 464 1835 studiis
473 1787 572 1837 metueb.
583 1787 608 1835 h·
626 1801 649 1836 e.
662 1802 709 1850 per
728 1788 786 1850 ejus
806 1787 925 1840 salutem,
943 1786 1015 1849 cujus
1031 1787 1107 1839 salus,
1124 1785 1250 1837 doctrinis

156 1851 299 1899 studiorum
317 1853 395 1910 salus,
407 1852 439 1902 ah
450 1853 567 1900 omnibns
579 1852 776 1901 existimabatur
787 1852 859 1916 (quar
874 1851 1056 1914 interpretatio
1071 1851 1169 1913 placuit
1183 1851 1251 1900 Aru·

156 1917 262 1972 taenio),
277 1917 314 1964 ret
323 1916 488 1966 scribendum
501 1924 583 1979 putet,
592 1917 643 1978 ejus
653 1913 725 1967 sdluti
735 1923 758 1968 et
769 1919 928 1966 doctrirmruor
937 1916 1024 1965 studiis
1034 1914 1132 1965 metueb.
1142 1916 1166 1964 h.
1177 1930 1201 1965 e.
1213 1917 1252 1966 ita

156 1991 187 2028 nr
203 1983 228 2028 in
240 1982 330 2030 eodem
343 1983 459 2045 periculo
471 1984 568 2032 versari
588 1982 739 2032 viderentur
758 1984 830 2030 unius
842 1983 925 2032 Marci
942 1982 1009 2030 salus
1027 1989 1055 2029 et
1073 1981 1251 2030 doctrinarum

157 2046 250 2100 studia,
263 2062 338 2110 quam
352 2047 539 2097 correctionem
558 2047 677 2110 probarit
688 2049 763 2098 Anna
777 2047 865 2096 Fabrl.
899 2047 957 2096 uu·
969 2046 1089 2108 denique,
1105 2060 1251 2109 quanquam

157 2111 289 2172 audacior,
301 2113 414 2175 suspicio
426 2114 451 2161 in
463 2122 577 2162 mentem
590 2114 661 2162 verrit
673 2114 750 2162 mibi:
773 2114 817 2168 ita.
829 2113 919 2161 incerta
930 2112 985 2160 belli
1002 2116 1073 2167 sorte,
1085 2111 1133 2172 ejus
1144 2112 1217 2160 saluti
1227 2119 1251 2162 et

156 2177 272 2224 doctrinae
281 2178 369 2227 studita
379 2177 513 2227 metuebant
524 2178 561 2243 (n.
577 2177 744 2240 philosophi),
755 2187 800 2227 ant
811 2177 972 2226 metuebatur:
990 2176 1083 2225 omissa
1101 2190 1164 2224 voce
1179 2182 1251 2232 sorte,

156 2241 265 2297 librarii,
277 2241 305 2289 rb
321 2244 462 2299 metroebarrt,
476 2250 520 2292 aut
537 2243 692 2303 metuebatur,
708 2242 774 2292 baud
792 2243 979 2301 intelligentes,
1000 2241 1175 2303 depravarunt
1194 2243 1252 2290 reli·

157 2307 225 2371 qua!
236 2306 377 2358 Harl-10
388 2309 483 2358 Remoti
497 2324 543 2372 pro
555 2315 642 2357 remoto
658 2309 758 2359 Scbott.
772 2308 868 2358 Gaesb.
880 2308 973 2371 Delptr.
987 2307 1077 2357 Pitisc.
1111 2308 1175 2356 Mox
1188 2307 1253 2357 eud.

611 2488 615 2498 .
651 2447 762 2501 NOTAE

156 2563 312 2628 (Marcus,)‘
326 2572 355 2616 ut
367 2566 449 2616 iturus
461 2566 493 2616 ad
505 2567 602 2616 bellum
616 2565 685 2614 Mar·
726 2563 859 2612 veteribus
868 2562 927 2618 suit,
944 2563 1027 2628 utqui
1041 2564 1112 2613 litem
1124 2565 1203 2613 vellet
1214 2564 1252 2613 in·

158 2641 343 2701 oourauuicum,
362 2642 513 2691 timentibus
531 2642 633 2690 eunetis
653 2654 686 2688 ne
726 2640 844 2695 tendere,
856 2639 1005 2688 adversario
1013 2639 1177 2688 denuntiaret
1186 2647 1215 2688 ut
1227 2642 1253 2689 ln

158 2713 221 2777 quid
242 2712 322 2763 fatale
345 2717 505 2778 proveniret,
528 2724 632 2778 rogatus
654 2716 687 2763 sit
722 2715 767 2777 jus
785 2716 904 2764 reniret:
923 2715 944 2763 si
962 2717 1052 2775 nullst,
1070 2716 1113 2763 vel
1135 2730 1192 2763 eum
1211 2730 1254 2765 eo·

158 2803 209 2838 non
232 2790 389 2847 adulatione,
408 2793 453 2841 sed
476 2794 552 2853 serio,
570 2801 599 2841 ιιι
619 2805 685 2853 pra·
726 2798 811 2853 geret,
831 2792 872 2838 vel
891 2792 970 2840 rades
989 2793 1129 2853 acciperet,
1149 2792 1193 2851 qui
1211 2790 1254 2840 die

158 2874 237 2928 cepta
257 2869 424 2930 philosophia
443 2868 550 2928 ederet;
573 2868 686 2916 necitis
726 2868 866 2916 constituto
892 2883 950 2915 erun
978 2869 1071 2916 stetere
1099 2869 1254 2927 reciperent.

159 2941 261 3002 timuit3
283 2942 327 2990 sed
344 2958 390 3004 per
408 2944 524 2992 ordinem
543 2957 687 3006 paramese·
728 2941 792 2991 Hac
805 2943 1005 2992 vadimoniorum
1017 2944 1130 2994 solennia
1145 2945 1255 2993 removit

158 3033 202 3076 ou,
212 3019 261 3069 hoc
272 3029 313 3069 est
324 3021 536 3083 praceptiomrm
546 3020 687 3070 triduodis·
728 3018 890 3079 Antoninus;
908 3019 1070 3083 induxitque,
1083 3028 1112 3068 ut
1127 3019 1170 3083 qni
1183 3020 1255 3069 litem

159 3094 281 3158 putarit!
727 3096 886 3154 intenderet,
901 3096 921 3144 is
933 3096 988 3144 siue
1003 3096 1054 3143 ullo
1066 3094 1211 3144 vadimonio
1222 3096 1255 3144 ad

193 3172 343 3221 “Scotorum
360 3171 448 3236 amru]
466 3172 588 3223 Omnium
601 3179 686 3224 secta·
727 3173 796 3221 diem
820 3186 877 3220 eam
897 3173 1052 3235 operiretur.
1086 3173 1121 3221 Et
1137 3173 1193 3221 hac
1215 3181 1256 3222 est

159 3261 215 3295 rum
227 3248 458 3311 philosophicarum
470 3248 645 3299 difficultates.
728 3263 788 3296 sera
800 3250 876 3312 hujus
891 3248 940 3297 loci
960 3247 1089 3311 expositio
1101 3264 1109 3309 3
1128 3262 1202 3312 quarn
1215 3262 1256 3296 me

191 3330 203 3355 ¹
222 3325 263 3372 Ita
273 3325 363 3374 incerta
378 3324 443 3388 beiti]
460 3325 571 3375 Caranh.
591 3327 632 3376 lto
649 3328 686 3376 irr-
728 3327 828 3374 monuit
840 3325 1027 3374 eruditissimus
1039 3323 1158 3374 Andreas
1172 3328 1257 3376 Duce·

158 3402 224 3447 certa
242 3399 296 3448 beili
313 3401 339 3447 iu
352 3399 403 3460 qiru
418 3401 470 3456 sal„
482 3405 522 3463 t5r.
539 3402 584 3450 sed
600 3403 687 3466 legen·
729 3404 790 3450 rius.

159 3473 220 3522 dnm
234 3474 346 3531 omnino,
368 3476 408 3525 ltu
422 3478 513 3526 inserts
525 3477 580 3527 belli
590 3477 640 3538 qius
649 3494 688 3528 su·
760 3488 770 3512 ¹
788 3481 856 3528 Data
867 3479 957 3528 mactis
966 3477 1201 3543 promiscueciritnr]
1210 3480 1256 3528 Le-

158 3551 203 3598 lutr'
222 3558 245 3600 et
266 3552 382 3601 doctriua
405 3553 492 3602 studiis
515 3556 689 3619 mobeatur,
730 3570 788 3617 gem
808 3556 868 3605 tulit
885 3556 1040 3616 Antoninus,
1051 3570 1098 3618 per
1110 3571 1185 3620 quam
1195 3557 1257 3605 civi·

159 3642 234 3676 sensu
251 3637 343 3691 aperto
366 3635 395 3678 et
415 3629 504 3679 tacili:
521 3631 613 3680 ineerta
635 3632 690 3682 betti
731 3631 1110 3682 tasRomsnaomnihusdata.
1144 3633 1201 3681 Nec
1213 3631 1257 3681 de·

160 3704 252 3753 eodem
262 3702 447 3755 melodicum
460 3707 591 3770 qnoapnd
605 3707 689 3758 Hora·
730 3718 791 3758 sunt
801 3710 844 3773 qui
856 3723 912 3758 eam
927 3707 1060 3757 Hadriano
1071 3708 1184 3757 tribuant
1194 3730 1200 3769 ;
1211 3707 1257 3756 sed

160 3783 223 3832 tium
240 3782 339 3831 “acuta
357 3781 419 3832 belli
429 3781 446 3832 ι’
463 3782 567 3834 Florum
585 3784 689 3835 ‘cubita
730 3785 787 3834 falsi
810 3794 885 3834 snut:
904 3785 1053 3834 Hadrianus
1073 3785 1142 3833 euim
1160 3785 1259 3847 aliquot

151 3858 239 3928 'betti‘
730 3862 878 3913 civitatibus
891 3871 991 3912 tantum
1003 3863 1052 3911 buc
1063 3863 1108 3925 jus
1120 3863 1259 3925 concessit,

192 3945 203 3978 l
224 3937 458 4001 Vadimouiorsmque
480 3937 571 3986 sotem
591 3945 689 4002 renutu,
730 3953 780 3988 uon
792 3941 928 4001 omnibus3
940 3940 1008 4003 qnod
1020 3939 1085 3988 tecit
1096 3939 1260 3989 Antoninus:

160 4012 421 4079 [oadiruouiorrurrquef
440 4015 637 4078 muneremur]
649 4018 690 4065 ds·
732 4018 841 4082 probant
863 4017 1043 4080 juriconsulti:
1062 4023 1089 4066 et
1106 4017 1259 4080 chrysosto-

161 4091 313 4155 rrurrtiundu]
343 4092 395 4142 Hic
418 4091 517 4142 herent
540 4092 588 4141 viri
611 4092 690 4143 doert.
731 4107 787 4140 mus
805 4093 831 4140 in
851 4092 1049 4156 ActaApostol.
1075 4092 1122 4142 turb
1139 4093 1260 4154 Ἀδριανοῦ

160 4164 440 4228 maminotum
449 4169 552 4218 uhtrus’a
560 4174 659 4231 rems,
668 4176 690 4219 er
731 4170 790 4232 quui
805 4167 896 4219 πάντας
913 4169 971 4220 eiras
987 4171 1120 4232 Ῥωμαίους,
1134 4171 1164 4221 rb
1175 4172 1201 4222 bi
1214 4191 1260 4223 ru·

161 4241 323 4292 ommium
337 4246 387 4294 litis
401 4246 577 4309 operieudaeqse
587 4246 618 4294 ad
629 4247 692 4295 dictu
731 4246 801 4298 λαιὸν
813 4247 856 4297 οὐκ
866 4247 940 4298 obrem
949 4246 987 4308 ἣν·
1005 4249 1030 4298 id
1043 4258 1092 4311 sat,
1101 4249 1140 4300 Ab
1152 4251 1261 4300 Hadria·

161 4321 278 4368 commode
297 4318 341 4379 jeu
361 4323 529 4371 introductam·
561 4321 614 4372 Hic
637 4337 693 4373 mus
731 4325 859 4374 nedicunt
876 4325 1260 4386 omnessortosesreRoorarror,
