3022 5026
354 356 403 403 ou
427 354 548 403 sauro
571 351 742 406 aunuum
768 353 941 402 vrcronn.
1159 341 1202 409 17

102 507 307 583 Varronem,
342 506 515 581 Flaccum,
545 502 795 588 Veratiumque,
828 525 890 571 uec
924 527 991 574 uon
1027 508 1201 583 Victorem

108 610 238 677 Afrum.
283 608 330 673 tt
356 608 441 673 ultra
466 607 555 677 illos,
581 608 681 671 etiam
704 609 900 673 nominatim
923 609 1113 690 afferuntur,
1136 613 1203 678 Eu-

107 715 196 789 nius,
216 710 366 781 Cassius,
390 708 638 773 Poutificalium
659 708 744 785 libri,
762 707 955 775 Alexander
974 713 1140 797 Ephesius
1159 719 1203 785 de

106 815 196 881 bello
216 814 379 890 Marsico,
395 812 564 886 Lutatius,
577 810 767 890 Vulcatius,
782 813 916 878 Acilius
932 814 1026 895 Piso,
1043 818 1202 903 Sempro.

107 919 197 992 nius,
215 917 396 991 Domitius,
413 914 588 992 Octavius,
605 934 665 978 uec
686 934 750 978 non
771 914 860 980 Cato
875 915 918 981 de
932 917 1057 999 origiue
1072 923 1203 1002 generis

106 1019 252 1096 humani,
267 1018 377 1082 Aulus
400 1016 593 1081 Postumius
614 1016 656 1080 de
677 1015 822 1082 adventu
842 1018 970 1097 AEneae,
983 1018 1109 1086 Aufidii
1131 1025 1202 1106 epi·

109 1130 214 1199 tome,
229 1121 436 1196 Vennonius,
451 1117 598 1194 Annius,
614 1118 739 1183 Sextus
753 1118 887 1185 Gellius
904 1122 938 1185 iu
953 1124 1079 1205 origine
1095 1127 1205 1207 gentis

112 1226 286 1290 Romanae.
331 1222 494 1301 Quincti
518 1241 586 1285 uon
606 1227 733 1285 extant.
777 1222 832 1288 Ex
856 1224 909 1287 bis
931 1245 1017 1308 quos
1037 1226 1205 1300 babemus,

110 1328 333 1404 adducuntur,
365 1324 523 1407 Virgilius
555 1344 792 1408 saepenumero,
826 1326 1020 1406 Sallustius,
1050 1329 1203 1404 Plautus,

112 1429 293 1506 Homerus,
320 1448 361 1492 ac
386 1427 515 1491 Livius.
561 1426 686 1503 Nullus
712 1437 824 1493 autem
847 1431 960 1494 horum
988 1433 1130 1496 omnium
1152 1432 1205 1515 (ni

110 1530 225 1617 fallor)
249 1535 330 1616 post
354 1527 537 1594 Ascanium
563 1531 662 1594 vixit.
706 1531 821 1616 Atque
846 1532 918 1597 haec
943 1538 1069 1600 tantum
1096 1537 1206 1618 priore

111 1636 188 1702 libri
211 1641 315 1719 parte,
337 1633 402 1699 hoc
425 1639 485 1710 est,
509 1651 562 1710 ea,
583 1652 660 1716 quae
681 1633 843 1715 originem
862 1636 956 1700 urbis
978 1635 1111 1714 Romae,
1131 1636 1205 1702 sive

112 1746 268 1805 auctores
282 1746 318 1802 et
330 1736 514 1820 principes,
530 1734 673 1798 Romani
690 1737 819 1817 generis
836 1737 1036 1818 conditores,
1050 1741 1110 1823 qui
1126 1749 1206 1806 aute

113 1839 326 1905 constitutam
352 1857 454 1918 remp.
478 1836 580 1913 suere,
606 1835 776 1900 describit.
822 1837 912 1903 Nam
938 1858 980 1903 ea
1004 1849 1101 1923 parte
1119 1843 1206 1921 libri,

111 1951 189 2027 quae
215 1940 306 2006 edita
327 1949 390 2016 est,
412 1959 487 2022 quae
507 1939 608 2003 babet
631 1941 803 2023 principes
824 1943 952 2023 generis
978 1943 1125 2010 Romanu
1148 1947 1206 2029 qui

113 2051 193 2128 post
213 2063 316 2126 remp.
339 2041 510 2106 fundatam
534 2043 728 2119 extiterunt,
743 2042 867 2107 nullius
888 2045 1023 2109 omnino
1043 2046 1137 2125 liber,
1153 2067 1209 2112 ue·

113 2166 177 2229 que
199 2146 233 2210 iu
248 2144 401 2210 Victoris
420 2144 569 2228 epitoma
588 2143 732 2210 retertur.
777 2145 845 2211 Cur
860 2167 938 2212 vero
957 2149 1102 2226 credam,
1117 2149 1208 2216 hunc

115 2248 177 2312 ‘de
197 2248 290 2313 Viris
312 2246 519 2319 illustribus'
540 2247 660 2312 librum
680 2268 754 2312 esse
774 2249 927 2328 Asconii,
948 2271 1095 2330 moveor,
1115 2255 1207 2337 quod

114 2352 214 2435 paulo
238 2358 316 2435 post
334 2351 408 2436 ejus
430 2351 557 2415 initium
574 2352 625 2415 sic
639 2352 774 2417 scribit:
799 2357 809 2388 ‘
825 2350 938 2430 Quare
953 2361 1064 2419 autem
1081 2357 1210 2422 addidit

115 2452 220 2519 tntur’
246 2453 303 2532 (de
327 2451 471 2534 Virgilio
497 2451 648 2515 nimirum
678 2451 842 2538 loquitur)
865 2458 955 2520 ‘suo
983 2454 1060 2521 loco
1084 2457 1208 2540 plenis-

31 2630 37 2639 Ι
115 2557 199 2622 sime
228 2556 460 2620 adnotavimus
486 2554 521 2618 in
550 2555 843 2634 commentatione,
868 2576 970 2641 qnam
1000 2559 1209 2643 occoepimus

115 2661 270 2734 scribere,
286 2657 420 2740 cognita
441 2676 483 2721 ex
503 2675 544 2720 eo
562 2656 649 2721 libro
665 2657 722 2741 qui
739 2658 917 2742 inscriptus
933 2664 997 2737 est,
1013 2660 1055 2725 de
1071 2659 1209 2744 Origine

116 2760 301 2824 Patavina!
347 2758 430 2822 Erat
449 2759 536 2822 euim
557 2759 742 2826 Patavinus
763 2761 942 2840 Asconius,
958 2765 1006 2827 ita
1021 2772 1059 2829 ut
1075 2765 1207 2849 conjec-

116 2869 190 2929 tura
204 2864 247 2928 sit
261 2882 337 2926 eum
352 2863 480 2945 potius,
491 2881 591 2946 quam
606 2864 707 2928 alium
724 2884 797 2929 suae
813 2867 920 2947 gentis
931 2867 1091 2948 originem
1104 2869 1208 2949 scrip-

115 2967 213 3043 sisse,
228 2984 296 3048 quo
312 2985 387 3029 eam
406 2964 596 3041 illustraret,
611 2973 643 3030 et
656 2967 729 3030 suis
743 2974 873 3049 gratum
890 2966 1024 3030 faceret.
1068 2965 1116 3031 At
1131 2987 1209 3036 vero

116 3088 194 3151 qnae
213 3073 223 3102 ‘
240 3069 282 3132 de
302 3065 437 3150 Origine
455 3065 582 3143 Urbls‚’
601 3070 650 3132 sic
665 3087 798 3151 quoque
814 3068 1124 3137 commentationem
1141 3070 1210 3135 edi·

117 3172 230 3250 disse;
253 3170 340 3255 quod
360 3179 395 3235 et
415 3169 619 3253 antiquitatis
639 3170 887 3253 perscrutandae
909 3189 974 3234 nou
993 3170 1100 3234 solum
1116 3180 1211 3237 esset

119 3275 399 3350 studiosissimus
426 3272 639 3335 verumetiam
670 3274 922 3336 scientissimus.
977 3271 1019 3337 Id
1046 3274 1135 3356 quod
1165 3295 1211 3339 ex

119 3377 192 3460 ejus
217 3377 251 3440 in
278 3377 475 3442 Ciceronem
499 3371 691 3453 fragmentis
717 3374 793 3437 luce
819 3373 942 3439 clarius
963 3380 1026 3439 est.
1070 3373 1212 3453 Quasi

119 3481 196 3565 quis
218 3500 293 3545 curu
313 3480 377 3544 boc
398 3478 483 3542 libro
503 3475 660 3554 conseret,
680 3476 834 3560 equidem
858 3484 1016 3562 agnoscet
1034 3497 1095 3562 par
1113 3480 1149 3542 in
1170 3498 1212 3544 ea

119 3583 327 3649 emendanda
350 3582 510 3659 studium,
534 3589 570 3644 et
594 3579 715 3645 similis
737 3580 894 3665 qnaedam
914 3581 1079 3647 scribendi
1102 3579 1154 3646 illi
1178 3585 1214 3647 et

103 3671 197 3752 ¹huic
219 3685 437 3761 consuetudo,
453 3685 524 3749 sive
548 3683 729 3749 dictionem
752 3694 898 3768 spectes,
915 3686 986 3748 sive
1005 3683 1086 3767 quid
1107 3702 1212 3747 excu-

119 3790 223 3854 tiendi
251 3789 424 3859 rationem,
452 3786 537 3849 inest
562 3793 597 3850 et
625 3785 746 3853 elucet.
806 3786 931 3852 Eadem
962 3792 998 3849 ot
1025 3786 1212 3869 inscriptio.

120 3885 459 3955 ‘commentationes'
482 3887 582 3964 euim,
605 3888 753 3970 appellat
776 3907 857 3951 suas
880 3890 913 3951 in
937 3887 1131 3952 Ciceronem
1152 3906 1213 3952 ex·

119 3994 326 4075 plicationes.
371 3989 519 4054 Efficitur
532 3999 692 4073 praeterea
706 3998 745 4052 ut
758 3988 944 4055 Asconium
959 3989 1057 4074 hujus
1072 3990 1134 4056 ‘de
1151 3988 1212 4056 Vi·

120 4096 166 4160 ris
189 4093 391 4161 illustribus'
411 4094 485 4159 libri
505 4098 677 4156 auctorem
697 4112 774 4156 esse
790 4099 910 4176 putem,
925 4093 1015 4176 quod
1032 4093 1160 4159 Livium
1177 4086 1214 4161 in

120 4219 161 4262 eo
192 4199 356 4282 aequalem
381 4196 507 4264 scribit.
553 4194 645 4261 ‘Sed
668 4193 809 4271 horum:
835 4196 952 4280 inquit,
978 4198 1213 4282 ‘opinionibus

188 4331 307 4395 bernar
320 4331 451 4384 vacua
630 4329 711 4382 raet.
726 4330 788 4381 ver.
819 4296 823 4305 ⁸
860 4324 863 4330 ·
1125 4330 1148 4379 a
1233 4388 1239 4403 ,
