3022 5026
443 334 492 383 nn
516 333 731 384 cassamus
755 336 836 384 orn.
861 338 972 388 xxvi.
1188 320 1250 386 301

563 587 668 654 cAP.
700 588 852 655 XXVI.

333 751 568 811 coanlnNUS,
590 752 792 816 PUPIENUS,
810 754 855 799 ΕΤ
881 754 1080 803 BALBlNUS.

203 903 235 967 1.
260 902 359 983 Quis
391 903 561 968 biennium
592 903 730 967 summis
755 899 896 986 potitis,‘
921 903 1012 968 baud
1039 903 1251 971 incommode

161 1006 278 1090 praelio
293 1015 388 1086 gesto
413 1012 526 1071 contra
552 1003 751 1083 Germanos,
768 1013 903 1090 repente
917 1004 1110 1070 Antoninus
1133 1004 1254 1071 Gordi-

162 1128 246 1173 anus
271 1109 398 1175 Alrieae
424 1109 614 1193 proconsul,
631 1109 675 1173 ab
697 1110 847 1174 exercitu
865 1110 1023 1194 princeps
1048 1109 1137 1193 apud
1162 1109 1254 1194 Thy·

161 1209 236 1274 dri⁸
260 1212 419 1296 oppidum
444 1213 566 1276 absens
591 1207 654 1276 iit.l
706 1211 739 1274 2.
763 1210 841 1288 Quo
867 1222 905 1277 ut
930 1213 1059 1277 accitus
1085 1209 1256 1296 pervenit,i

161 1319 319 1397 tanquam
336 1334 378 1379 ea
392 1334 426 1380 re
443 1324 577 1379 creatus
592 1312 686 1392 soret,
702 1314 868 1379 seditione
885 1311 1094 1399 excipitur:k
1115 1333 1185 1399 qua
1206 1315 1254 1379 le-

160 1417 232 1481 nita
246 1417 354 1496 facile,
369 1416 599 1501 Carthaginem
617 1419 710 1501 petit.
754 1418 788 1482 3.
810 1417 865 1483 Ibi
882 1439 955 1483 oum
971 1418 1159 1483 avertendis
1175 1437 1254 1500 pro·

161 1520 274 1602 digiis,
295 1540 440 1604 quorum
463 1529 552 1585 metu
569 1520 660 1585 haud
680 1520 779 1585 inane
803 1521 996 1603 angebatur,
1017 1540 1086 1585 rem
1106 1520 1254 1585 divinam

162 1622 275 1688 solitis
293 1618 427 1706 ageret,¹
449 1631 585 1707 repente
604 1623 716 1688 hostia
735 1631 866 1706 partum
887 1623 1005 1688 edidit.
1046 1623 1079 1687 4.
1101 1620 1143 1686 Id
1157 1622 1256 1688 haru-

162 1727 286 1809 spices,
305 1732 407 1810 atque
429 1727 504 1810 ipse
519 1727 678 1804 maxime,
694 1730 785 1805 (uam
806 1726 907 1809 hujus
930 1725 1082 1790 scientiae
1105 1744 1171 1788 usu
1193 1726 1256 1790 im·

161 1829 293 1892 modice
308 1828 454 1911 prudens
470 1833 564 1907 erat,)
585 1830 633 1894 ita
648 1849 823 1911 accepere,
839 1829 933 1893 illum
952 1847 1086 1912 quoque
1109 1827 1255 1893 destina·

161 1937 232 1993 tum
252 1933 336 2009 neci,
356 1949 468 1994 rernm
488 1931 600 1996 liberis
619 1932 800 2015 pariturum
820 1931 995 2014 imperium
1008 1953 1016 1993 ε
1029 1937 1050 1966 ¹⁰
1071 1931 1256 2015 progressi·

163 2054 227 2117 que
250 2019 404 2117 oonjeotu
426 2034 558 2116 longius
575 2032 833 2119 liberi'quoque
857 2033 984 2099 exitum
1004 2034 1255 2111 denuntiavere,

161 2137 278 2199 mitem
294 2145 393 2220 atque
416 2136 589 2202 innoxium
614 2136 797 2220 praefautes
813 2137 893 2211 sore,
909 2145 947 2201 ut
962 2136 1045 2201 illud
1061 2156 1178 2219 pecus,
1194 2154 1255 2199 uec

162 2237 350 2301 diuturnum
369 2243 493 2316 tamen,
511 2239 764 2323 subjectumque
784 2239 929 2303 insidiis.
974 2239 1006 2302 5.
1029 2239 1164 2304 Interim
1184 2236 1266 2306 Ro.

161 2359 237 2419 ruae,
262 2347 432 2425 comperto
456 2339 622 2405 Gordiani
648 2343 797 2421 interitu,
817 2341 970 2405 hortante
997 2339 1160 2418 Domitio,
1185 2340 1257 2406 urbi

161 2443 352 2526 praefectus,
367 2445 554 2529 reliquique
569 2443 697 2509 indiees
709 2453 723 2482 ¹²
746 2445 844 2528 serigo
858 2444 1032 2509 caeduntur
1054 2462 1115 2528 per
1135 2450 1256 2526 praeto·

618 2593 798 2614 ΟΙΙΝΝΜΙΟ

196 2674 264 2724 Cur.
277 2689 356 2724 xxvi.
389 2675 524 2724 lSrurmis
540 2677 630 2738 paruus
648 2688 732 2740 pros.
748 2677 832 2740 potitis
850 2677 901 2726 llis.
914 2691 957 2739 sp.
969 2673 1120 2726 sehero-u
1139 2674 1258 2739 Tanquam

163 2748 217 2788 core
234 2746 327 2789 ereotru
347 2747 408 2788 sote
427 2740 525 2788 Sotiott.
548 2742 691 2804 legabatur.
725 2740 790 2789 Mox
811 2757 857 2804 quo
873 2743 943 2790 imita
960 2748 989 2790 et
1006 2741 1068 2789 irritu
1085 2739 1186 2788 sliu-a
1203 2741 1256 2790 Pro

163 2804 233 2852 issaar
242 2805 313 2853 malit
323 2804 414 2854 arne.
422 2819 499 2863 uum
516 2811 543 2853 et
555 2819 615 2855 mox
626 2805 728 2855 Sebott.
739 2758 825 2857 mmq
824 2807 907 2856 solitus
916 2811 997 2869 egeret
1001 2811 1056 2854 .-t
1070 2805 1157 2854 Verum
1167 2804 1257 2855 tiberis.

657 2916 765 2968 NOTAE

200 3013 284 3071 ‘Quis
294 3014 412 3066 bmnium
428 3014 525 3065 rummis
539 3012 633 3077 ortilis]
648 3014 689 3064 Ex
731 3014 880 3065 ‘seditione
900 3012 1051 3079 excipitur?
1083 3013 1258 3066 Prorsusfide

163 3091 258 3142 tsbulis
271 3102 356 3142 tameo
368 3098 442 3156 pstet
456 3106 549 3141 auusuu
562 3105 639 3139 uuum
650 3105 691 3140 re·
731 3101 811 3150 earet,
827 3100 883 3142 ets
900 3092 992 3142 ceteris
1009 3091 1112 3141 omnino
1129 3092 1260 3156 dissentit,

163 3185 219 3218 rum
237 3184 335 3220 summa
351 3171 447 3235 potitos
463 3168 617 3233 Antoninos,
632 3182 690 3218 oum
732 3170 776 3236 qui
797 3169 958 3219 Gordianum
979 3168 1090 3217 omnium
1112 3169 1183 3233 qussi
1207 3183 1258 3220 uuo

164 3246 312 3298 Gordianus
323 3245 572 3311 Imperatorfsetus.
731 3262 775 3297 ore
788 3247 973 3311 lmperstorem
988 3243 1084 3295 fsctam
1096 3244 1195 3295 dieunt.

196 3326 296 3387 supra
309 3324 412 3390 Tlrydrs]
429 3326 461 3375 lu
472 3323 563 3375 Africa
578 3323 690 3388 propris.
762 3325 774 3361 ¹
792 3327 912 3378 Seditiorre
933 3326 1064 3391 excipitur]
1081 3324 1149 3377 Vide
1171 3332 1259 3425 notsm

164 3400 345 3464 ‘''l'bysdrum
367 3409 443 3452 voest
465 3400 576 3464 Capitol.
602 3399 691 3464 ‘'Iby-
731 3405 898 3469 superiorem.

163 3486 244 3528 strum
254 3477 416 3528 'Heredium
426 3477 470 3526 sed
482 3476 558 3527 t'scile
569 3477 600 3525 δ’
594 3491 619 3527 ιιι
629 3495 654 3525 r.
764 3478 771 3512 ¹
787 3480 848 3531 Rern
858 3480 963 3530 diuisum
972 3478 1152 3545 wlitirugrret]
1168 3478 1258 3529 Malim

196 3555 368 3620 tabmfit]
385 3555 453 3605 Nam
470 3570 538 3612 eum,
550 3553 610 3604 dum
621 3553 691 3618 Tby·
731 3558 913 3620 solitsrogeret.

164 3632 204 3682 dri
212 3642 279 3694 erst,
289 3633 429 3683 bisurieius
436 3633 538 3698 quidam
542 3632 620 3695 Juxta
627 3632 692 3695 'l'ys-
764 3634 882 3684 ¹³me
892 3634 974 3684 liberis
983 3633 1261 3700 murmurmurmur]

164 3708 268 3758 drum'
262 3722 287 3756 ru
309 3721 371 3771 sgro
393 3722 440 3757 suo
456 3707 692 3770 coueiousbuudus,
732 3710 802 3771 Lego
818 3709 900 3773 litero,
918 3711 958 3759 vel
976 3709 1053 3759 liberi.
1087 3709 1180 3775 Neque
1192 3709 1259 3760 enirn

163 3786 351 3851 Imperatorem
359 3785 605 3850 proclsmsrit3quo
613 3783 692 3843 freto,
733 3795 833 3837 rectum
851 3801 908 3837 esse
927 3793 1096 3852 quoiusquam
1115 3785 1260 3836 Gordisnos

139 3905 141 3913 .
164 3867 291 3931 Tysdrum
313 3880 371 3930 eum
397 3866 520 3916 militibus
541 3865 627 3931 petiit,
648 3866 692 3916 ubi
733 3871 832 3914 tsntum
844 3863 909 3913 duos
919 3864 1011 3913 Victor
1024 3869 1157 3927 sguoseat.
1174 3861 1260 3919 Adde,

165 3942 326 3993 Gordianum
341 3943 449 3993 invenit.
733 3942 801 4007 quod
815 3942 888 3992 addit
908 3956 978 4003 mox,
997 3942 1106 3994 ‘mitem
1127 3948 1205 4005 atque
1222 3942 1261 3991 lu·

197 4019 267 4077 1ίὶιιιι
277 4027 305 4070 st
313 4020 528 4084 mcitmperseuit]
536 4020 614 4086 Atqui
624 4020 691 4086 spud
732 4019 837 4068 noxium
848 4016 987 4081 praefsutrs
997 4016 1055 4068 fore
1064 4016 1081 4066 ι’
1092 4016 1201 4068 liberum
1212 4019 1261 4068 sci·

164 4096 291 4160 Tysdrum
304 4104 361 4147 erst
378 4096 523 4146 Gordisuus
534 4112 591 4146 curu
607 4096 693 4162 lmpe·
732 4096 811 4157 lieet;
829 4094 901 4144 libero
917 4103 1002 4145 sutem
1020 4107 1128 4145 numero
1139 4095 1261 4159 siugulsri

165 4180 237 4221 rator
253 4170 338 4222 faetus
353 4181 402 4223 est.
433 4173 576 4224 Herodian.
588 4172 693 4237 Cupito·
732 4188 781 4239 pro
798 4172 885 4223 ‘tilio’
898 4172 954 4236 jam
966 4172 1027 4222 alibi
1039 4187 1098 4222 usus
1109 4180 1158 4223 ast.

166 4247 210 4297 liu.
218 4247 276 4298 uide
284 4255 370 4301 notam
378 4251 553 4316 superiorem:
566 4249 605 4301 sir
613 4248 692 4307 infru,
763 4258 777 4316 Ρ
795 4250 857 4302 Urbi
871 4251 1006 4317 projeetus,
1016 4249 1145 4316 reliquique
1155 4246 1256 4312 iudices]
