3022 5026
307 334 353 400 26
775 347 933 398 runrcrn

308 497 398 563 idem
413 496 468 560 bic
483 495 591 559 sentio
613 493 815 585 faciendum·
860 493 957 559 Certe
974 492 1110 576 siquod
1126 493 1159 556 in
1173 493 1224 557 his
1235 492 1401 576 judicium

308 619 418 665 meum
433 608 498 676 est,
522 617 587 662 non
609 598 700 681 sapit
722 596 870 662 Plinium
895 595 1069 660 Caecilium
1085 595 1204 680 stylus.
1248 595 1303 661 Ad
1328 596 1401 661 baec

308 703 490 767 verisimile
504 701 552 780 fit,
568 702 598 766 si
613 703 643 764 is
659 720 755 765 verus
770 708 886 765 auctor
900 707 1002 775 esset,
1017 718 1094 762 cum
1109 699 1246 763 aliorum
1261 700 1403 764 maxime

308 808 426 871 virtute
446 804 570 869 bellica
588 812 711 886 togate
731 803 909 868 illustrium
923 805 1014 866 vitas
1030 810 1266 886 persequatur;
1288 821 1402 865 eorum

308 911 368 992 qui
382 908 570 990 Augustum
588 914 663 971 sunt
679 907 832 984 insecuti,
850 905 893 970 ad
915 904 1105 988 Trajanum
1117 924 1235 987 usque,
1255 905 1403 988 Impera·

309 1018 416 1074 torum
431 1010 667 1093 bominumque
682 1008 862 1073 illustrium
875 1027 941 1071 non
953 1010 1148 1072 omissurum
1163 1007 1265 1072 fuisse
1279 1027 1288 1072 ι
1304 1028 1403 1093 prop·

305 1121 401 1177 terea
416 1112 505 1196 quod
522 1113 555 1176 in
569 1110 723 1195 epistolis
745 1111 819 1187 viri,
835 1111 892 1193 qui
908 1111 1042 1175 cacteris
1064 1109 1163 1173 laude
1186 1112 1403 1189 antistabant,

310 1234 425 1280 omues
442 1236 540 1299 paene
557 1216 696 1299 paginas
711 1214 879 1297 impleant
923 1213 1028 1279 Venit
1051 1214 1086 1278 iu
1109 1223 1253 1278 mentem
1272 1214 1403 1298 conjec-

309 1327 385 1384 tura
407 1317 564 1381 fortassis
592 1335 682 1393 vera,
706 1336 766 1380 cnr
794 1315 919 1400 Nepoti
943 1324 1003 1381 aut
1028 1317 1142 1380 Plinio
1171 1316 1404 1400 inscripserint

308 1419 465 1503 quidam:
488 1438 562 1483 curn
577 1420 713 1484 enimin
732 1418 817 1482 Mss.
840 1419 923 1483 torte
939 1420 1103 1485 vidissent
1124 1418 1163 1484 C.
1180 1420 1310 1484 Pnrnrt
1329 1421 1403 1485 Nn·

309 1537 429 1604 Poura,
442 1521 523 1606 (luit
535 1522 621 1585 enim
634 1521 674 1587 C.
687 1522 818 1586 Plinius
833 1520 992 1587 Caecilius
1006 1522 1144 1587 alterins
1159 1543 1203 1587 ex
1217 1541 1330 1587 sorore
1347 1543 1401 1588 ne·

307 1624 388 1709 pos)
400 1625 586 1689 obliteratis
601 1624 748 1689 nonnihil
765 1625 945 1708 prioribus,
959 1644 1128 1709 paruaque
1142 1625 1234 1690 sacta
1248 1625 1403 1691 immuta·

307 1729 410 1806 bone,
433 1728 625 1793 Couunnrr
648 1726 819 1793 Nneorrs
843 1728 909 1811 legi
930 1736 1092 1812 coeptum,
1114 1736 1174 1793 aut
1195 1727 1271 1792 vice
1295 1747 1404 1806 versa,

307 1832 476 1898 accidisse
499 1851 566 1895 non
586 1830 766 1896 admodum
787 1852 807 1895 a
831 1852 909 1896 vero
931 1832 1093 1897 abhorret
1137 1833 1205 1897 Sed
1223 1833 1339 1909 libros,
1353 1834 1404 1897 in·

307 1936 415 2018 quies,
441 1935 571 1999 calamo
609 1942 778 2012 exaratos,
804 1935 946 1999 arbitros
973 1938 1212 2000 controversiae
1240 1935 1403 2020 deposco.

253 2048 258 2057 '
309 2034 469 2120 Quinque
486 2055 547 2101 uos
563 2036 696 2119 quidem
712 2036 766 2099 usi
780 2054 909 2114 snmus,
926 2036 1045 2100 demtis
1060 2038 1245 2121 antiquitus
1265 2041 1405 2103 excusis

309 2139 573 2223 quamplurimis,
587 2139 645 2222 qui
660 2139 761 2202 etiam
775 2136 986 2202 vehementer
999 2158 1062 2202 nes
1075 2139 1291 2224 adjuverunta
1312 2141 1404 2225 quod

308 2238 518 2307 aTbeodoro
528 2239 727 2318 Palmenno,
738 2240 872 2305 erudito
881 2240 962 2316 viro,
976 2243 1106 2325 accepi,
1115 2243 1208 2324 longe
1219 2246 1403 2326 optimum:

307 2340 489 2406 lectionum
511 2362 591 2407 vero
613 2342 796 2406 varietates
818 2342 950 2428 aliquot
970 2362 1013 2408 ex
1028 2343 1171 2409 Joaunis
1192 2344 1325 2411 Metelli
1341 2346 1404 2411 Se·

309 2446 424 2530 quani,
451 2445 637 2510 doctissimi
666 2445 741 2521 viri,
769 2446 947 2511 codicibus
973 2446 1119 2526 duobus,
1149 2466 1288 2532 qnorum
1320 2446 1404 2515 alter

311 2564 419 2615 occo.
434 2547 555 2613 abhinc
576 2548 684 2618 anuis,
699 2548 752 2613 vel
770 2549 932 2631 pluribus,
948 2551 1095 2633 scriptus
1109 2558 1170 2625 est,
1184 2552 1404 2616 communica·

309 2652 361 2716 vit
373 2652 549 2716 nobiscnm
567 2651 606 2718 P.
621 2651 751 2718 Silvius
767 2651 904 2737 juvenis
922 2653 1044 2719 Graece
1066 2653 1252 2736 Latineque
1273 2655 1404 2720 doctus.

309 2752 455 2820 Lutetia
477 2772 556 2819 vero
583 2754 756 2820 Francinci
780 2753 908 2820 Pitboei
938 2755 1027 2822 Mes.
1052 2763 1088 2821 et
1112 2755 1335 2821 Bibliothecae
1359 2759 1405 2823 D.

310 2855 462 2923 Victoris
477 2857 511 2921 in
526 2858 696 2922 suburbiis
711 2858 786 2922 sira
798 2877 880 2922 usus
895 2879 981 2923 sum.
1018 2858 1199 2924 Pulmanni
1214 2860 1405 2943 exemplum

310 2961 398 3028 banc
413 2964 568 3047 ἐπιγραφὴν
584 2961 738 3045 praefert:
760 2959 916 3027 ‘Aurelii
937 2962 1086 3027 Victoris
1109 2961 1272 3026 Historia
1288 2964 1404 3028 abbre·
1479 2974 1482 2978 ’

311 3067 411 3130 viatte
435 3067 479 3131 ab
500 3063 658 3147 Augusto
681 3065 877 3142 Octaviano,
893 3065 926 3129 id
941 3071 1003 3140 est,
1019 3084 1041 3129 a
1055 3064 1121 3129 fine
1133 3064 1176 3129 Τ.
1194 3063 1283 3129 Livii
1299 3085 1405 3151 usque

310 3167 353 3233 ad
378 3169 591 3233 consulatum
619 3166 785 3232 decimum
815 3166 1005 3233 Constantii
1036 3166 1192 3251 Augusti,
1218 3176 1254 3233 et
1276 3167 1406 3237 Juliani

311 3270 458 3338 Caesaris
484 3269 638 3337 tertium!
685 3269 834 3356 Eratque
858 3272 892 3335 in
918 3272 1007 3336 duos
1033 3279 1143 3336 tomos
1166 3281 1278 3337 sectus
1303 3273 1407 3338 libert

311 3375 403 3458 prior
427 3374 471 3440 de
494 3374 586 3438 urbis
609 3373 728 3439 Roman
751 3374 878 3457 origine
898 3374 1129 3458 fragmentum,
1146 3381 1180 3440 et
1196 3376 1288 3440 viros
1303 3375 1406 3442 bosca

311 3477 460 3542 illustres
483 3478 695 3541 continebat:
717 3477 803 3543 alter
824 3477 996 3544 Caesarum
1021 3479 1108 3542 vitas
1132 3478 1209 3544 binc
1232 3498 1340 3562 nsque
1361 3480 1405 3543 ab

312 3579 492 3662 Angust03
515 3579 573 3662 qui
586 3587 695 3643 tamen
719 3580 763 3643 ab
785 3579 878 3643 edito
892 3583 975 3645 mire
991 3581 1109 3655 variat,
1125 3579 1405 3665 quemadmodum

311 3700 400 3748 nnnc
416 3682 536 3746 sicum
559 3681 698 3764 vulgata
723 3680 881 3765 Epitoma
904 3682 1067 3761 conserat,
1092 3684 1261 3748 studiosus
1282 3682 1406 3746 Lector

311 3791 503 3866 cognoscet.
548 3781 712 3848 Desinunt
726 3782 822 3865 igitur
835 3783 926 3847 docti
943 3783 1094 3850 dubitare
1106 3785 1203 3868 cujus
1215 3782 1288 3847 Viri
1303 3781 1404 3847 Illus-

309 3896 376 3952 tres
389 3889 466 3963 sint,
482 3893 614 3971 reperto
631 3905 710 3952 vero
724 3898 862 3952 auctore
876 3886 982 3952 Sexto
997 3888 1134 3953 Aurelio
1150 3886 1298 3951 Victore.
1329 3884 1405 3951 Pri·

312 4007 369 4054 ore
382 3991 472 4054 enim
486 4002 591 4075 parte,
607 3997 765 4075 tanquam
780 3989 1020 4074 Prolegomena
1033 3995 1122 4065 sunt,
1133 3988 1257 4073 quibus
1270 4007 1312 4053 ea
1326 4006 1402 4074 quar

312 4109 335 4154 a
359 4091 457 4157 Livio
481 4094 572 4159 dicta
599 4095 775 4177 prolixius,
803 4096 994 4160 summatim
1021 4093 1141 4177 repetit
1170 4091 1274 4174 prius,
1303 4110 1403 4175 quam

314 4192 429 4278 impp.
444 4196 531 4261 ritas
546 4196 780 4280 aggrediatur..
