3022 5026
468 362 518 411 nn
541 357 758 411 nasaninus
783 359 863 410 οιι.
887 358 970 411 xiv.
1182 348 1249 415 269

157 507 370 590 Liberaeque,
381 524 456 588 quae
471 499 635 569 Eleusino
651 500 790 582 dicitur,f
795 503 1046 570 Atheniensium
1061 509 1161 574 modo
1176 509 1248 576 Ro·

153 630 210 675 nia
225 610 420 694 percoleret.
463 610 495 672 4.
518 607 662 682 Deinde,
678 608 730 670 uti
757 607 843 672 solet
857 608 1047 692 tranquillis
1064 612 1175 689 rebus,
1196 632 1247 680 rc-

154 714 287 779 miasior
300 731 356 777 rus
371 712 541 797 proprium
556 710 664 774 Tibur
678 711 833 790 secessit,
850 713 1019 792 permissa
1035 712 1125 778 Urbe
1139 715 1247 783 Lucio

155 816 247 880 AElio
263 814 418 880 Caesari.g
460 816 492 878 5.
509 812 600 898 Ipse,
617 813 666 877 uti
681 814 789 877 beatis
804 814 1035 898 locupletibus
1049 836 1135 896 mos,
1149 820 1243 901 pala·
1320 873 1322 879 .

154 920 202 982 tia
211 923 392 991 exstruere,
405 937 520 982 curare
530 917 658 1000 epulas,
671 917 777 999 signa,
787 918 919 983 tabulas
936 919 1047 1003 pictas
1059 938 1067 980 ι
1079 928 1249 1002 postremo

155 1021 269 1085 omnia
290 1023 373 1085 satis
398 1021 500 1085 anxie
514 1021 723 1104 prospicere,
749 1040 825 1104 quae
848 1021 948 1086 luxus
963 1023 1180 1108 lasciviaeque
1195 1045 1250 1089 ee·

155 1132 242 1188 sent.
285 1124 318 1188 6.
341 1122 433 1188 Hinc
453 1124 518 1187 orti
533 1142 680 1187 rumores
696 1124 788 1201 muli,
814 1123 971 1209 injecisse
986 1131 1102 1209 stupra
1115 1128 1249 1210 puberi·

154 1227 229 1304 bus,
240 1232 339 1311 atque
351 1225 490 1291 Antinoi
504 1225 700 1309 flagravisse
710 1226 840 1291 fumoso
851 1227 1048 1307 ministerio,
1057 1249 1165 1314 neque
1176 1230 1247 1296 alia

155 1327 196 1392 de
211 1330 434 1394 causaurbem
450 1329 619 1394 conditam
632 1329 706 1413 ejus
718 1326 879 1407 nomine,¹’
894 1338 955 1394 aut
965 1331 1097 1396 locasse
1108 1332 1249 1417 prebo

155 1436 294 1497 statuas.
345 1434 377 1498 7.
401 1432 488 1512 Quae
515 1433 647 1517 quidem
672 1433 731 1496 alii
761 1434 819 1516 pia
849 1433 979 1512 volunt,
1000 1434 1245 1519 religiosaque:

154 1536 281 1620 quippe
297 1534 476 1601 Hadriano
491 1535 646 1620 cupiente
660 1533 766 1599 iatum
787 1535 986 1618 producere,
1012 1534 1110 1602 cnm’
1130 1536 1249 1603 volun-

600 1680 785 1702 ΜΜΟΟ

153 1788 202 1833 -8
218 1784 338 1834 Eleusinia
355 1783 466 1831 dicuntae
477 1781 544 1846 conj.
555 1780 655 1832 Scbott.
673 1781 742 1832 Vide
754 1783 817 1833 Not.
828 1783 973 1847 velpe-4
983 1791 990 1813 ⁸
1001 1783 1125 1834 Nonnihil
1139 1784 1249 1838 offendit

153 1847 362 1912 illudpsoprinm,·
387 1850 448 1912 quid
466 1849 533 1896 enim
551 1861 658 1897 necesse
677 1849 740 1897 talia
759 1847 872 1898 addere?
906 1849 1068 1912 Reponerem
1083 1851 1248 1914 propellier.

154 1913 198 1963 Ita
210 1914 356 1976 appellatur
368 1913 425 1975 ipsa
436 1914 505 1975 urbs,
516 1914 556 1963 eui
569 1914 708 1975 adjacebat
723 1927 774 1969 rus,
783 1914 792 1942 ⁴
802 1913 871 1962 Vilia
881 1914 1021 1965 Tiburtina
1031 1913 1039 1937 '
1049 1916 1128 1973 dicta,
1140 1916 1178 1965 uti
1188 1930 1249 1966 con·

153 1986 206 2028 siat
215 1993 246 2027 ex
255 1980 342 2043 Spart.
354 1977 435 2028 liade.
447 1994 523 2042 capp.
540 1981 581 2026 2³.
592 1987 618 2026 et
630 1983 689 2028 26..
703 2011 711 2026 .
724 2009 731 2025 .
743 1977 796 2027 Sed
809 1993 841 2027 an
854 1976 917 2028 ferri
930 1987 1016 2044 potest
1032 1995 1072 2029 sas
1084 1981 1165 2037 liber,
1176 1981 1249 2031 vids·

154 2044 261 2094 sntslii.
298 2043 861 2108 Egovebeuieuterdubitonisidietinguss
877 2046 1062 2109 raspropriem,
1081 2046 1164 2096 liber.
1196 2047 1249 2097 Sed

154 2118 239 2159 tamen
258 2109 326 2170 psius
338 2110 431 2158 malim.
464 2109 506 2159 De
518 2108 600 2158 bortis
617 2108 757 2158 Tiburtinis
775 2110 895 2159 nonnulla
907 2109 1024 2160 Freineb.
1035 2111 1067 2159 ad
1081 2111 1148 2160 Flos.
1167 2125 1187 2159 ι.
1207 2115 1248 2162 17.

153 2173 210 2238 §⁷3
221 2174 306 2223 imis.
339 2175 402 2224 Mox
415 2173 507 2223 ‘Lucio
517 2173 582 2223 AEtio
596 2173 698 2223 Caesuri.
720 2173 764 2223 Sic
774 2175 872 2224 excusi.
896 2176 984 2231 Elias,
995 2184 1022 2225 et
1034 2178 1128 2224 sisinnii
1141 2176 1250 2241 antiqui.

153 2241 206 2288 Me.
225 2249 313 2288 noster
330 2254 396 2289 nunc
409 2240 488 2298 Elius,
505 2252 574 2287 niune
587 2237 674 2287 Helius
694 2240 850 2302 aspiratione
869 2239 980 2290 Graeca!
997 2241 1138 2291 Solunte—5
1158 2241 1251 2293 ‘lestis

152 2305 178 2353 b.
191 2305 207 2353 l.
220 2305 262 2368 qui
274 2306 299 2354 in
313 2319 340 2354 re
349 2305 418 2353 lauta
430 2314 573 2353 versantur.
584 2301 661 2353 conf.
670 2302 703 2352 sle
715 2303 764 2354 boc
776 2319 832 2355 voc·
843 2304 938 2368 Cuper.
950 2305 1102 2356 Observsit.
1116 2306 1158 2357 lib.
1168 2320 1212 2355 ιιι.
1224 2322 1248 2356 c.

156 2375 178 2418 l.
190 2385 237 2418 nee
250 2371 290 2434 [ut
301 2381 388 2420 censet
400 2368 456 2432 ille]
467 2385 531 2433 opus
549 2376 589 2417 est
608 2370 701 2431 copula
717 2374 758 2427 st,·
780 2385 827 2421 nec
846 2371 997 2433 locupletibus
1015 2373 1141 2433 glossema
1159 2371 1248 2421 baberi

152 2435 243 2496 debet,
259 2451 307 2486 nec
324 2451 381 2485 cum
394 2437 525 2485 sessione
537 2434 569 2483 ad
584 2434 672 2484 Sidon.
684 2448 763 2482 carm.
781 2450 808 2485 v.
824 2450 892 2484 vers.
904 2441 944 2485 67.
957 2451 1003 2498 per
1014 2443 1021 2465 ‘
1031 2437 1251 2500 Imperatoribus'

153 2503 256 2563 exponi.
292 2502 420 2565 Frigidum
433 2503 492 2550 seio
503 2508 530 2549 et
550 2500 664 2562 ineptum
685 2497 763 2564 forst,
776 2499 962 2564 lmperatosem
974 2502 1115 2551 Romanum
1134 2504 1249 2565 locuple·

155 2577 206 2618 teni
218 2566 342 2631 cogitare,
353 2568 396 2632 qui
418 2565 497 2617 veluti
509 2575 655 2630 opponatur
665 2566 748 2615 minoe
765 2566 948 2631 locupletibus,
960 2567 1117 2630 pauperibus
1132 2568 1248 2633 Impera·

645 2709 755 2761 NOTAE

186 2807 194 2842 ¹
210 2808 286 2859 licitis
304 2808 406 2868 Cereris,
421 2808 565 2871 liberaque,
581 2820 633 2870 qao
647 2807 680 2854 Ε·
722 2805 810 2856 Rome
823 2807 970 2858 Hadrianus
984 2822 1057 2858 sacra
1074 2809 1119 2857 illa
1127 2826 1135 2870 3
1152 2821 1203 2856 non
1214 2819 1248 2856 ex

153 2886 242 2934 letoius
260 2884 360 2948 dicitur]
377 2883 524 2949 lugendum
542 2899 595 2947 qeoe
609 2885 679 2932 Eleu·
721 2880 812 2932 Attica
823 2885 928 2934 Romsin
941 2885 1111 2941 transtulerit,
1127 2894 1155 2934 ut
1171 2883 1249 2933 Clau·

152 2966 207 3011 siun
224 2962 353 3011 dicuntur:
379 2970 408 3011 nt
426 2964 523 3025 optime
543 2959 681 3009 Salmasius
721 2957 778 3008 dius
792 2962 927 3024 cogitarat.

154 3037 221 3101 apud
246 3038 419 3101 spartianum.
452 3037 554 3087 Cereris
577 3034 680 3100 quidem
753 3035 856 3085 ‘lacis
871 3037 937 3086 AEtio
953 3035 1057 3099 Casani]
1074 3037 1142 3086 Vitis
1159 3046 1247 3087 notam

153 3130 226 3166 sacra
237 3131 252 3166 a
264 3115 369 3165 Gracia
386 3124 507 3176 assumta,
525 3114 602 3178 louge
620 3121 681 3164 ante
722 3112 887 3174 penultimam
905 3114 1044 3178 superioris
1058 3113 1163 3177 capitis.
1195 3114 1249 3164 Hic

154 3194 314 3244 Hsdrisnum
332 3193 413 3242 lionis
428 3191 573 3257 percoluit3
589 3190 636 3240 sed
650 3189 680 3239 il·
721 3188 817 3239 Lucius
824 3191 904 3242 AElius
912 3191 1162 3253 anteaLCeionius‚
1171 3191 1247 3240 Coni-

152 3272 188 3332 la,
208 3285 266 3335 que
288 3270 410 3319 Eleusina
432 3268 595 3322 dicebantur,
616 3279 681 3314 uun·
720 3266 821 3329 modus,
832 3268 931 3331 Verus3
948 3276 1037 3334 postea
1054 3283 1125 3323 vero,
1143 3267 1176 3317 ab
1193 3267 1248 3316 Ha·

155 3363 229 3412 quam
242 3348 330 3397 Rome
342 3356 467 3412 percepta
478 3354 545 3395 sunt.
572 3344 680 3396 Quinet
720 3342 810 3392 cisiano
828 3343 1248 3408 adoptasu·‚1.uciusffitiusce-

153 3427 235 3477 multo
256 3434 326 3488 ante,
350 3441 381 3476 ea
406 3426 516 3475 Romam
538 3423 680 3475 transferre
719 3422 866 3472 sardicens.

152 3502 248 3553 frustra
270 3511 376 3552 conatus
394 3502 527 3552 Claudius.
559 3502 681 3552 Eleusine
751 3496 902 3548 leudicam
916 3498 967 3560 <iss
983 3497 1087 3562 omniu]
1107 3498 1248 3550 Antinoum

152 3595 227 3630 sacsa
254 3580 369 3642 suscepit
394 3580 497 3644 quidem
522 3578 680 3629 Hadrianus.
719 3574 982 3641 nibsmiufflgypto.

152 3658 283 3721 spartian.
299 3657 384 3705 ‘Post
402 3657 460 3713 boc,
478 3669 526 3719 per
543 3654 632 3704 Asiam
652 3660 681 3705 et
750 3654 1011 3719 ίΗιιιιιιίιιιοειιρίειιι
1022 3657 1102 3715 satem
1111 3658 1249 3720 poducere,

153 3737 259 3792 insulas,
282 3735 314 3782 sd
337 3733 460 3783 Achaiam
487 3732 627 3796 navigavit,
652 3737 681 3781 et
719 3731 784 3798 am]
811 3731 942 3794 spartian.
970 3732 1137 3782 ‘Antinoum
1165 3744 1249 3785 suuni,
1305 3729 1309 3735 '

154 3812 274 3862 Eleusine
282 3825 354 3860 sacra
363 3810 483 3874 exemplo
491 3809 610 3859 Herculis
618 3809 681 3859 Pbi·
720 3805 781 3855 dum
807 3821 854 3871 pes
876 3807 962 3857 Nilum
984 3809 1102 3872 navigat,
1124 3806 1248 3871 perdidit,

153 3888 268 3954 lippique
291 3888 404 3950 suscepit
414 3886 431 3935 ι’
456 3884 502 3935 sed
524 3887 635 3948 suscepit,
653 3883 679 3935 ld
721 3896 796 3946 quesn
807 3883 968 3933 muliebriter
976 3882 1060 3934 flavit:
1073 3884 1105 3933 de
1115 3884 1248 3949 quovarla

154 3973 203 4021 set,
214 3967 222 3993 ⁸
235 3964 350 4013 initiatus
362 3961 420 4013 est-⁹
442 3962 510 4011 Nam
522 3960 614 4012 falsum
627 3976 681 4012 om·
720 3956 790 4008 fanis
801 3968 851 4017 est,
862 3960 919 4010 aliis
931 3975 990 4009 eum
1002 3960 1121 4010 devotum
1135 3975 1182 4024 pro
1194 3959 1248 4009 Ha-

155 4041 214 4089 nlno
242 4056 274 4090 es
305 4055 377 4090 sacra
404 4039 511 4089 Romam
546 4038 680 4089 translata.
720 4035 811 4084 driano
830 4036 1017 4099 asserentibus,
1027 4041 1077 4088 ἀι.
1111 4037 1257 4088 EtGrael'

155 4117 241 4166 Quane
254 4119 293 4167 vel
309 4133 355 4167 nos
372 4119 476 4182 penitus
493 4116 560 4166 fallit
572 4117 680 4180 Victor;
721 4113 835 4178 quidem,
845 4113 949 4179 volente
962 4112 1102 4171 Hadriano,
1113 4129 1171 4165 suus
1186 4127 1247 4164 con·

155 4192 205 4255 sel,
214 4200 245 4241 ιιι
255 4196 352 4257 optime
364 4195 433 4259 apud
442 4194 609 4259 Spanianum
621 4193 680 4243 doc·
720 4196 897 4253 secesserunt,
918 4191 1022 4240 oracula
1042 4205 1090 4256 pes
1111 4205 1170 4241 euin
1191 4189 1249 4241 dael

155 4268 267 4320 sissimus
278 4270 454 4330 Cassubonui,
469 4272 584 4324 imitatus
598 4270 680 4324 fuerit
721 4265 942 4333 asserentes,'&c·
958 4267 1083 4320 Veterum
1094 4277 1180 4320 anien
1190 4267 1248 4318 bec
