3022 5026
240 701 710 796 PRAEFATIONIS
745 702 1232 796 GRUNERIANAE

555 989 916 1066 PARTlCULA.

189 1487 404 1589 LreuueoS,
419 1533 504 1598 quos
526 1513 590 1576 sub
613 1511 744 1576 nomine
763 1510 890 1577 Aurelii
912 1511 1062 1579 Victoris
1082 1515 1284 1601 conjunctim

186 1614 251 1680 hoe
262 1616 429 1680 volumine
444 1616 554 1681 editos
569 1614 674 1686 uides,
688 1614 851 1679 benevole
865 1615 1000 1695 Lector,
1014 1637 1083 1683 non
1097 1638 1196 1683 unum
1213 1640 1285 1686 om·

186 1737 247 1783 ees
268 1728 440 1784 auctorem
460 1721 598 1797 habere,
620 1716 744 1783 dudum
758 1716 832 1802 jam
852 1720 1071 1787 observarunt
1088 1721 1150 1785 viri
1173 1722 1284 1787 docti:

186 1820 288 1904 idque
307 1823 418 1905 ipsum
433 1842 477 1887 ex
493 1823 575 1906 styli
591 1821 784 1886 diversitate
799 1820 848 1886 ita
862 1821 1079 1887 manifestum
1095 1841 1171 1887 esse
1185 1832 1284 1907 puto,

185 1930 226 1985 ut
245 1923 278 1986 in
297 1923 436 1989 dubium
451 1925 564 1988 vocari
580 1923 680 2006 plane
695 1931 851 2004 nequeat.
894 1923 973 1998 Sed,
990 1926 1112 2009 singuli
1128 1945 1149 1990 a
1163 1927 1285 2009 quibus

187 2025 304 2108 scripti
325 2027 402 2100 sint,
418 2027 447 2089 si
469 2045 615 2109 quaeras,
633 2043 701 2087 non
724 2042 821 2107 reque
841 2032 964 2089 certum
984 2046 1052 2090 rem
1073 2046 1149 2092 esse
1172 2028 1285 2112 depre-

185 2125 318 2192 hendes.
368 2127 482 2206 Quam
503 2127 644 2190 infirmis
666 2127 851 2191 rationibus
872 2127 1029 2203 nitantur,
1052 2131 1111 2213 qui
1137 2129 1283 2195 libellum

185 2226 201 2262 ‘'
211 2229 254 2294 de
269 2229 406 2313 Origine
423 2228 544 2296 Gentis
560 2228 744 2295 Romanoe'
763 2229 805 2295 ad
820 2227 1009 2294 Aesonium
1025 2231 1212 2297 Pedianum
1232 2252 1284 2297 re-

185 2330 302 2410 ferunt,
316 2332 396 2396 nolo
413 2333 485 2415 jam
507 2333 658 2416 pluribus
679 2331 867 2415 disputare3
891 2351 966 2396 eum
990 2340 1070 2417 post
1089 2335 1175 2400 ulios
1190 2335 1224 2399 id
1240 2337 1284 2401 ab

186 2432 365 2499 Arutzeuio
381 2437 503 2501 sactum
520 2437 574 2500 sit.
612 2435 679 2499 Sed
694 2435 937 2519 inscriptionem
954 2437 1056 2502 libelli
1072 2456 1138 2501 non
1151 2438 1284 2521 abipso

186 2544 324 2602 auctora
346 2538 538 2622 profectam,
553 2539 668 2622 potius
688 2558 709 2602 u
723 2539 901 2602 recentiore
916 2559 1012 2603 manu
1029 2539 1177 2604 additam
1194 2560 1284 2619 esse,

185 2657 253 2703 non
276 2645 398 2705 temere
422 2640 595 2706 affirmavit
615 2639 671 2706 Jo.
687 2639 766 2705 Alb.
783 2639 970 2719 Fabricius,
993 2641 1084 2706 Bibl.
1108 2641 1182 2707 Lut·
1207 2642 1285 2709 Vol.

188 2756 213 2804 1.
229 2762 262 2826 p.
276 2743 353 2809 571.
397 2743 555 2808 Inventor
576 2741 663 2827 ejus,
677 2743 870 2828 quicunque
892 2743 1001 2819 fuerit,
1019 2745 1149 2810 videtur
1164 2752 1286 2829 praeter

187 2845 388 2928 opusculum
404 2844 486 2911 illud
500 2846 604 2910 libros
618 2849 629 2879 ‘
642 2844 683 2909 de
699 2843 792 2908 Viris
808 2844 1019 2924 Illustribus,’
1036 2853 1072 2910 et
1086 2852 1096 2885 ‘
1111 2846 1153 2912 de
1169 2848 1285 2914 Gesa-

185 2947 296 3011 ribus'
314 2969 382 3015 uno
402 2949 571 3014 volumine
585 2946 756 3024 habuisse,
771 2946 890 3029 illique
905 2948 1066 3012 volumini
1084 2951 1212 3014 titulum
1230 2970 1286 3014 ac·

186 3051 430 3116 commodasse.
487 3049 570 3116 Inde
595 3051 697 3134 igitur
721 3049 763 3115 de
786 3049 896 3134 ipsius
916 3051 1024 3117 libelli
1046 3058 1179 3117 auctore
1204 3052 1286 3118 nibil

188 3154 356 3236 suspicari
370 3155 460 3220 licet.

229 3256 389 3342 Sequitur
407 3257 493 3322 liber
515 3257 580 3323 ‘de
601 3256 694 3322 Viris
717 3255 929 3333 Illustribus,'
953 3276 1052 3341 quem
1073 3256 1152 3322 olim
1175 3258 1286 3324 Plinio

187 3360 351 3436 nonnulli,
377 3361 434 3425 alii
459 3360 615 3426 Cornelio
642 3359 781 3444 Nepoti,
808 3360 867 3425 alii
893 3360 1058 3425 Suetonio
1084 3361 1285 3447 Tranquillo

187 3463 379 3527 tribuemnt.
424 3464 540 3529 Hodie
559 3465 667 3528 minus
688 3462 811 3544 ambigi
832 3463 952 3540 solere,
969 3462 1088 3527 scribit
1110 3464 1285 3528 Fabricius

187 3564 211 3629 l.
236 3584 265 3629 e.
291 3563 464 3630 Aurelium
491 3565 664 3630 Victorem
693 3566 868 3646 genuinum
894 3564 968 3647 ejus
995 3572 1162 3630 auctorem
1187 3584 1284 3643 esse;

187 3684 330 3753 eumque
356 3669 546 3752 opinionem
574 3667 635 3733 niti
661 3665 857 3730 auctoritate
883 3671 1031 3731 veterum
1058 3666 1222 3740 codicum,
1249 3667 1285 3729 iu

188 3772 309 3854 quibus
328 3771 461 3836 libellus
480 3771 543 3834 iste
563 3769 695 3833 dicatur
714 3786 794 3851 pars
812 3768 902 3851 prior
917 3769 1066 3834 historiae
1081 3766 1285 3833 abbreviata

188 3871 351 3938 Victoris.
402 3873 470 3940 Sed
498 3871 699 3938 Ammonius
723 3870 861 3936 codices
887 3870 976 3937 Mes.
999 3888 1115 3936 omnes
1139 3869 1285 3934 Plinium

187 3984 359 4041 auctorem
375 3977 545 4040 nominare
562 3982 723 4054 testatum
746 3979 847 4058 atque
862 3974 909 4038 ita
923 3980 1063 4057 septem,
1075 3971 1197 4055 quibus
1210 3973 1284 4056 ipse

188 4094 271 4140 usus
294 4079 348 4157 sit,
368 4079 440 4142 eine
462 4078 531 4143 ulla
553 4077 736 4141 varietate:
762 4076 819 4159 qui
844 4073 935 4139 aliud
960 4072 1207 4150 affirmaverint,
1227 4092 1285 4137 eos

189 4178 289 4242 nimis
316 4199 429 4244 secure
454 4180 790 4246 Schottum.secutos
813 4196 900 4241 esse.
944 4173 1077 4253 Quodsi
1103 4175 1203 4241 etiam
1227 4176 1282 4241 de·
