3022 5026
339 366 387 415 nn
412 363 513 415 vrnrs
538 362 788 413 rnnusrnraus
813 365 893 413 cae.
918 363 1059 414 nxxrrr.
1176 349 1243 416 207

153 522 223 579 tur:
250 511 503 578 intercedentem
529 509 682 576 Baebium
704 511 867 593 collegam
890 510 981 576 iacta
1002 531 1061 596 per
1081 512 1244 596 populum

152 616 355 700 lapidatione
378 615 572 709 summovit.
623 615 656 680 2.
679 613 834 679 Glaucias
857 615 1016 698 praetori,c
1037 615 1126 698 quod
1147 616 1179 679 is
1202 635 1245 681 eo

153 719 219 796 die,
234 737 302 802 qno
324 718 396 802 ipse
418 717 615 781 concionem
635 716 793 794 hahebat,
804 717 864 801 jus
884 715 1026 780 dicendo
1040 723 1167 800 partem
1183 736 1243 801 po·

152 822 224 906 pali
247 828 437 897 avocasset,
452 820 567 884 sellam
589 820 750 897 concidit,
766 825 804 884 nt
822 819 928 902 magis
944 819 1134 903 popularisd
1154 821 1246 884 vide-

153 932 250 989 retur.
295 926 326 988 3.
350 924 546 1002 Quendam·
573 921 720 987 libertini
746 922 867 986 ordinis
895 923 1097 997 subornavit,
1124 919 1183 1004 qui
1209 942 1247 986 se

154 1027 281 1090 Tiberii
309 1026 452 1091 Gracchi
476 1026 580 1090 tilium
606 1025 752 1107 lingeret.
796 1025 830 1089 4.
852 1021 908 1087 Ad
936 1024 1001 1088 hoc
1026 1024 1249 1088 testimonium

156 1128 349 1212 Sempronia
371 1149 463 1193 soror
485 1127 714 1192 Gracchorum
737 1127 912 1211 producta,
928 1147 990 1191 nec
1004 1128 1171 1211 precibus,
1185 1147 1248 1194 nec

156 1233 253 1296 ruinis
280 1231 401 1297 adduci
427 1232 551 1316 potuit,
571 1239 610 1296 ut
634 1231 780 1296 dedecus
803 1229 941 1295 familiae
966 1239 1173 1312 agnosceret.
1217 1233 1249 1296 5.

157 1333 353 1399 Saturninus
375 1333 465 1416 Aulo
491 1330 627 1399 Nonio‘
655 1335 875 1418 competitore
899 1334 1072 1398 interfecto
1101 1334 1251 1399 tribunus

157 1437 265 1521 plebis
296 1438 454 1515 resectus,
484 1438 646 1515 Siciliam,
675 1438 853 1515 Achaiam,
885 1435 1118 1500 Macedoniam
1152 1435 1251 1502 novis

47 1626 52 1633 ι
158 1539 284 1603 colonis
308 1541 505 1621 destinavit3
526 1548 562 1604 et
583 1559 712 1616 aurum,
739 1540 817 1604 dolo
840 1560 882 1604 an
905 1539 1033 1603 scelere
1057 1537 1253 1620 Caepionis⁸

156 1648 298 1724 partum,
314 1642 357 1706 ad
378 1643 554 1706 emtionem
575 1661 727 1724 agrorum
747 1643 921 1707 convertit·
964 1644 997 1706 u.
1022 1641 1123 1724 Aqua
1137 1648 1173 1703 et
1185 1639 1253 1722 igni

158 1741 350 1808 interdixith
366 1746 407 1821 ci,
421 1745 480 1827 qui
497 1745 529 1808 in
542 1744 634 1824 leges
649 1763 728 1807 suas
744 1764 809 1808 non
820 1745 978 1827 jurasset.
1022 1745 1055 1807 7.
1078 1741 1172 1807 Huic
1187 1741 1254 1825 legi

159 1845 270 1909 multis
280 1846 449 1910 nobilibus
461 1846 695 1930 abrogantibus
707 1866 783 1913 cnm
798 1848 968 1925 tonuisset,
980 1846 1147 1923 clamavit,
1162 1843 1185 1908 J
1189 1863 1253 1924 am,

637 1992 737 2013 necno
740 1991 798 2011 ‘m

159 2092 274 2140 Van-2
285 2091 312 2140 Ie
321 2106 347 2140 eo
356 2093 397 2140 die
408 2107 452 2154 qao
469 2089 563 2140 ieAld.
582 2091 627 2152 jae
639 2092 717 2140 mado
729 2092 797 2142 Mes.
811 2107 853 2154 ep.
863 2091 966 2143 Schott.
985 2089 1133 2154 indicendi
1145 2089 1218 2141 netu.
1231 2095 1256 2141 l.

158 2154 287 2217 indigendo
308 2157 381 2206 Leid.
398 2160 423 2206 2.
445 2158 578 2206 udracauet
589 2171 635 2207 rex
649 2157 715 2206 Mes.
727 2172 770 2219 ap.
786 2156 878 2207 Arute.
896 2156 945 2207 Ed.
957 2171 997 2221 pr.
1010 2156 1071 2207 Ara.
1083 2165 1112 2205 et
1124 2157 1255 2221 pleresque

159 2221 219 2271 edd.
253 2221 347 2271 Mellet
358 2222 449 2271 Arntz.
466 2222 577 2271 coacuit.
614 2222 648 2271 Ut
659 2236 692 2270 m.
706 2237 732 2284 p.
747 2222 878 2284 videretur,
896 2224 1068 2287 quendam-e
1085 2221 1256 2272 Saderdinaeit

160 2287 201 2336 ed.
213 2282 300 2336 Mech.
310 2294 337 2336 et
351 2286 441 2336 Tiberii
452 2287 539 2337 delent
550 2286 665 2337 Gramm.
675 2287 784 2352 Agripp.
796 2297 824 2336 et
832 2289 899 2337 Ven.
933 2289 998 2338 Tum
1009 2288 1116 2349 fingeret
1135 2293 1159 2337 et
1173 2287 1257 2336 adhoc

161 2351 209 2401 Ed.
224 2357 312 2414 ern-d
322 2351 477 2416 ‘Sempronia
488 2388 496 2403 .
508 2388 516 2404 .
529 2387 536 2401 .
547 2353 611 2402 Mes.
622 2351 762 2415 Sempronia
776 2354 856 2408 decta
872 2368 925 2414 eree,
941 2357 981 2418 dfe·
1016 2354 1127 2429 Reliqua
1145 2351 1257 2402 abeunt?

160 2418 253 2467 datare.
285 2418 347 2468 ‘lte
361 2427 433 2467 certe
446 2418 562 2468 Gramen.
572 2417 651 2467 Freu·
663 2418 773 2481 Agrion.
786 2426 813 2467 et
825 2419 894 2468 Ven.
928 2418 991 2468 Mox
1002 2420 1089 2466 addace
1100 2433 1152 2468 non
1162 2418 1259 2481 legitor

161 2484 187 2532 in
200 2482 272 2532 neta.
284 2485 307 2532 l.
330 2484 394 2532 adici
404 2489 446 2532 eet
456 2484 482 2533 in
496 2484 573 2533 Fran.
585 2481 654 2533 torte
667 2498 713 2545 pro
727 2481 808 2533 ellici?
820 2482 991 2533 Aratum—5
1005 2484 1055 2533 Ed.
1067 2498 1107 2545 pr.
1119 2491 1149 2532 ut
1164 2483 1223 2532 Pal.
1232 2487 1259 2533 2.

161 2548 262 2599 Mean.
290 2549 347 2598 Par.
358 2553 382 2598 1.
394 2549 490 2598 Nereia.
523 2548 718 2598 ‘AelioMarrrio
729 2549 801 2597 Leia.
815 2551 839 2596 1.
863 2549 935 2598 Aulio
950 2548 1036 2597 Mena
1046 2548 1120 2598 Leid.
1138 2554 1162 2598 2.
1195 2549 1258 2599 Arde

162 2613 274 2662 Nemmio
285 2615 363 2662 Fran.
390 2613 453 2663 deta
464 2614 556 2662 Mamia
568 2612 670 2662 Boend.
683 2613 794 2677 Agripp.
803 2621 832 2661 et
844 2614 911 2662 Ven.
932 2613 995 2662 aaa
1003 2613 1119 2663 Memmio
1134 2614 1222 2663 Hann.
1231 2619 1260 2664 et

161 2678 275 2726 Graium.
292 2677 551 2728 tetartemoria.
563 2685 591 2725 et
600 2678 701 2741 Gryph.
717 2679 789 2728 Aetia
801 2677 918 2727 Memmia
928 2678 1015 2728 Maeli.
1048 2677 1079 2726 In
1092 2686 1165 2728 tante
1177 2677 1259 2728 varie·

163 2748 218 2792 tate
231 2756 320 2791 verum
332 2740 420 2790 dicere
437 2739 542 2791 ditllcile
554 2747 603 2802 eet,
616 2743 665 2789 uiri
676 2742 818 2792 Memmiana
835 2744 999 2805 retinemur,
1010 2751 1180 2806 agnoscentes
1192 2744 1261 2793 inter

163 2809 234 2869 ipsos
252 2808 391 2867 scriptore·
407 2805 561 2866 dicasmuta,
573 2807 626 2868 vel,
638 2806 706 2870 qnod
720 2807 840 2871 prefero,
852 2809 914 2858 Aua
927 2808 1007 2858 Noreia
1024 2808 1189 2857 admittemur
1201 2823 1260 2858 cunr

163 2872 233 2922 Duk.
245 2872 278 2921 ad
292 2872 360 2921 Flor.
372 2883 416 2919 ιιι.
431 2875 471 2921 ld.
483 2872 496 2935 t
516 2869 546 2919 t.'
557 2869 644 2919 Arate.
676 2871 741 2922 'l'nm
760 2879 767 2900 ¹
778 2874 839 2922 Non
851 2880 892 2921 eet
910 2871 1087 2934 retingendum
1098 2878 1140 2921 aret
1154 2873 1207 2921 doto
1217 2878 1263 2924 aer

163 2939 257 2994 uetere,
273 2936 401 3002 quomodo
419 2943 460 2985 eet
479 2935 504 2984 in
517 2936 594 2984 Leid.
608 2939 632 2982 1.
648 2936 690 2986 rel
702 2938 753 2987 dolo
764 2943 806 2987 aet
824 2940 920 2992 sceiere,
931 2945 960 2987 nt
978 2937 1079 2987 Boend.
1097 2937 1213 2986 Gremm.
1224 2935 1262 2988 A·

164 3004 249 3065 gripu.
258 3012 285 3051 et
296 3003 361 3051 Veu.
383 3002 501 3061 nec‚dota
511 3001 645 3050 atecelere:
658 3016 716 3066 quer
729 3003 808 3055 lectio
819 3012 859 3052 est
869 3004 975 3053 Laid-2.
984 3001 1025 3066 [et
1035 3002 1085 3051 Ed.
1096 3001 1148 3064 on]
1157 3001 1165 3024 '
1174 3004 1262 3053 Ante.

165 3068 286 3131 Scipioaie
294 3082 339 3131 pro
352 3067 469 3130 Caninii
484 3069 510 3117 in
520 3065 621 3116 excusis
631 3068 779 3132 antiqq-d
789 3068 882 3133 Aquam
894 3068 1010 3130 et-igrrere
1017 3067 1105 3118 interd.
1122 3067 1262 3132 etquidem

165 3134 313 3196 scripti-t
326 3132 409 3181 ‘Heia
418 3132 476 3193 legi.
507 3132 572 3183 Mer.
584 3130 706 3195 Heirtegi
714 3135 783 3183 metti
794 3133 883 3184 eodiiee
893 3132 1033 3196 adroganter
1042 3147 1094 3182 cem
1105 3134 1263 3194 toeeieeet,et

165 3200 295 3249 clamaret:
313 3197 367 3258 jam
378 3198 465 3260 iaqeit,
479 3200 520 3262 tre.
539 3198 687 3247 nominandi
699 3212 771 3248 caen.
797 3199 881 3249 Parte.
898 3207 926 3249 et
944 3192 1034 3249 Calon.
1052 3199 1108 3249 Hae
1125 3200 1177 3262 tege
1191 3197 1264 3249 reetti

168 3264 257 3313 mittes
274 3265 422 3325 adroganter,
440 3279 493 3312 crem
512 3261 639 3326 tonuisset,
656 3265 775 3313 ehmaeit.
807 3264 874 3328 Jam,
890 3263 984 3327 inquit:
1001 3278 1082 3330 quere
1098 3263 1267 3326 adragmidee

167 3329 264 3387 metim,
277 3337 304 3379 et
315 3328 383 3378 eddo
394 3328 516 3392 clanaei,
527 3327 667 3379 addicente
678 3339 706 3380 et
719 3328 829 3380 Medici.
862 3329 933 3381 Quid
944 3330 967 3380 ei
978 3331 1093 3396 legemur
1108 3329 1176 3394 quari
1193 3334 1262 3381 taee-

660 3469 769 3524 NOTAE

168 3568 314 3620 missionem
325 3576 398 3618 erent
409 3567 551 3618 consecuti·
735 3574 906 3638 competitore
918 3573 1081 3623 tribuantur!
1112 3571 1166 3621 Atii
1180 3572 1267 3634 aliter,

202 3648 445 3713 torneamenti]
459 3649 542 3700 Quem
559 3647 628 3698 infra
640 3647 695 3714 ap·
736 3650 781 3698 red
792 3651 876 3699 malim
890 3651 978 3707 Noreia,
988 3658 1018 3700 ut
1028 3650 1078 3701 hic.
1099 3647 1267 3699 ttdearenln

169 3727 248 3793 puleii
260 3721 397 3776 satellitem
407 3734 491 3777 vocet.
737 3736 830 3777 vocent
843 3728 979 3792 Appianae
990 3737 1017 3778 et
1028 3728 1193 3778 Plutarchus.

201 3802 214 3839 ⁴
233 3804 266 3853 Ut
277 3804 354 3865 magia
365 3802 496 3868 popehrie]
513 3804 551 3853 Eo
562 3801 631 3868 qnod
644 3810 695 3851 tem
769 3804 898 3863 elma,
914 3807 968 3855 data
985 3821 1017 3855 ae
1033 3805 1120 3855 uetere
1132 3803 1269 3869 Cantante}

170 3880 287 3931 dolenter
297 3878 379 3930 ferret
390 3895 406 3929 e
416 3879 540 3931 concione
550 3895 596 3930 ena
605 3893 697 3929 erece-
737 3879 837 3930 Aurum
854 3882 1024 3932 'tholosanum
1045 3883 1180 3947 intelligit,
1196 3880 1265 3946 quod

171 3963 224 4006 taur
235 3956 315 4007 fuieee
329 3958 460 4021 populum.
736 3958 860 4008 Serviliae
878 3959 977 4025 Caepio,
994 3965 1094 4009 veeteto
1111 3958 1218 4024 oppido,
1232 3971 1266 4010 ee

210 4041 223 4067 a
243 4033 380 4097 Quendam]
415 4033 527 4083 Nomine
554 4032 698 4086 Quintium·
737 4036 805 4086 illine
816 4035 921 4100 templis
932 4036 1032 4101 diripit,
1044 4037 1077 4086 Α.
1089 4036 1122 4086 U.
1133 4039 1191 4086 aar.

173 4108 240 4160 Vide
250 4125 328 4176 enpra
340 4112 365 4160 in
376 4111 486 4160 Metello
497 4111 645 4161 Numidico.
677 4145 679 4149 ψ
769 4111 783 4146 ¹
799 4113 868 4176 Aqua
885 4116 909 4162 et
924 4112 978 4176 igni
994 4111 1135 4177 ieter-dixit]
1152 4110 1231 4178 Aque
1238 4114 1267 4161 et

206 4185 216 4220 ¹
229 4187 290 4238 Aeta
299 4189 390 4252 Nauio]
403 4188 546 4240 ‘Annium'
557 4189 698 4240 rocetttta·
739 4189 791 4255 igal
803 4189 960 4241 interdicere
975 4189 1086 4240 formale
1097 4204 1146 4255 qne
1160 4188 1267 4240 Reererri

175 4277 228 4314 rue.
247 4265 362 4319 ‘Oecieo
383 4267 467 4332 petam
486 4267 597 4318 comitiis
613 4267 699 4319 Annio
740 4266 890 4327 utebantur,
902 4283 959 4319 cam
971 4281 1046 4335 quem
1057 4266 1260 4332 morijubereet.
