3022 5026
294 371 556 422 PRAEFA'l'lONlS
581 371 847 420 GRUNRRIANAE
872 372 1102 422 raurrauna.
1204 356 1245 420 13

150 539 236 595 mus,
257 516 432 583 Victorem
456 518 601 600 aliquem
624 517 742 580 librum
765 519 866 582 istum
889 520 1138 603 composuisse;
1162 520 1244 584 illud

149 629 260 687 tamen
288 620 468 686 tenendum
498 620 643 692 videtur,
670 619 761 702 quod
788 621 990 685 Amtzeuius
1018 625 1155 712 monuit,
1181 644 1245 689 nou

147 747 223 792 esse
238 727 388 812 ejusdem
404 725 577 809 scriptoris
592 725 696 789 libros
712 724 776 790 ‘de
793 723 884 790 Viris
900 725 1112 803 illustribus,’
1133 735 1166 794 et
1181 730 1245 795 ‘de

151 829 368 896 caesaribus!

203 932 318 1017 Hujus
343 933 478 1016 quidem
503 932 567 996 ‘de
589 929 798 996 Caeseribus’
817 931 893 996 libri
913 939 1086 998 auctorem
1106 933 1246 1002 Sextum

149 1035 322 1100 Aurelium
341 1034 518 1101 Victorem
538 1055 624 1113 esse,
639 1036 749 1099 minus
769 1035 908 1100 dubium
929 1035 1070 1102 videtur.
1115 1036 1152 1101 ls
1167 1058 1247 1104 vere

151 1138 269 1202 Victor
290 1139 363 1222 ipse
386 1143 488 1203 ‘rure
511 1159 548 1203 se
570 1145 689 1216 ortum,
703 1141 864 1224 tenuique
882 1139 1022 1204 indocto
1042 1140 1161 1224 patre,'
1179 1149 1245 1207 tes·

150 1247 239 1307 tatur
259 1262 337 1325 cap.
362 1257 434 1306 XX.
455 1244 473 1328 ς
491 1244 524 1307 5.
568 1243 716 1308 AEtetem
741 1261 836 1307 suam
862 1243 990 1308 indicat
1014 1263 1090 1327 cap.
1118 1261 1200 1311 xvr.
1229 1247 1247 1332 §

150 1344 202 1410 12.
232 1347 392 1425 scribens,
421 1344 542 1409 ‘Asiae
574 1345 742 1428 Ephesus,
773 1365 814 1411 ac
843 1347 1011 1431 Bithyniae
1041 1346 1247 1415 Nicomedia

151 1455 327 1515 constratae
350 1457 446 1514 terree
469 1457 577 1525 motu,
598 1467 695 1532 aeque
718 1469 760 1514 ac
782 1459 898 1514 nostra
921 1456 1020 1514 aetate
1042 1450 1247 1518 Nicomedia

150 1551 282 1618 Cereali
302 1549 472 1627 consule:'
499 1570 597 1635 quem
624 1551 797 1616 Neratium
818 1552 988 1616 Cerealem
1011 1574 1042 1617 a.
1066 1570 1245 1618 ococvrrrt

150 1655 322 1720 consulem
346 1654 452 1718 fuisse
475 1653 607 1717 aliunde
630 1662 775 1717 constat.
819 1655 890 1719 Sed
913 1656 1001 1719 idem
1023 1656 1142 1720 Victor
1167 1676 1245 1740 cap„

152 1772 299 1820 xxvrrr.
317 1757 335 1841 §
353 1758 387 1821 2.
413 1756 471 1819 obi
498 1755 652 1820 ludorum
675 1756 884 1820 saecularium
911 1760 975 1822 suh
997 1757 1159 1841 Philippo
1176 1758 1245 1824 Au·

152 1867 249 1941 gusto
263 1862 464 1922 mentionem
478 1857 611 1937 iecerat,
625 1860 698 1923 haec
714 1858 825 1924 addit:
849 1864 982 1926 ‘nostra
998 1881 1130 1944 quoque
1145 1868 1246 1928 aetate

150 1971 233 2045 pest
254 1962 355 2038 mille,
375 1961 583 2039 centesimus,
604 1963 746 2026 consule
770 1962 940 2047 Philippo,
958 1965 1121 2035 excessit,
1136 1966 1245 2044 nullis,

151 2066 198 2130 uti
223 2065 321 2143 solet,
341 2065 533 2129 solennibus
554 2064 798 2149 frequentatus:
822 2063 910 2130 adeo
932 2065 1060 2129 indies
1081 2082 1164 2130 cura
1184 2069 1245 2131 mi·

150 2169 241 2233 nima
264 2167 432 2233 Romanae
455 2165 567 2231 urhis!
610 2167 815 2232 Consulatus
836 2173 947 2233 autern
966 2169 1016 2233 ΡΙ.
1032 2168 1182 2254 Philippi
1197 2172 1244 2234 in·

150 2272 234 2337 cidit
253 2272 286 2335 in
309 2288 432 2335 aunum
453 2270 578 2335 Christi
598 2287 810 2336 eooxuvrn.
857 2271 960 2337 Porro
984 2292 1059 2357 cap.
1078 2289 1141 2337 xa.
1157 2273 1176 2357 ἓ
1191 2275 1244 2337 14.

150 2377 224 2441 haec
251 2375 414 2456 legimus:
446 2373 517 2438 ‘At
546 2374 705 2439 memoria
737 2394 814 2440 mea
843 2374 1110 2453 Constantinum,
1141 2395 1245 2459 quan-

151 2498 252 2563 quam
267 2477 387 2543 ceteris
402 2484 569 2560 promtum
586 2477 774 2553 virtutihus,
790 2478 832 2542 ad
851 2498 955 2562 usque
968 2485 1060 2542 astra
1071 2479 1158 2543 votis
1174 2499 1244 2543 om·

150 2583 240 2646 nium
256 2582 442 2645 subvertere
455 2578 475 2660 3'
503 2578 672 2664 (nimirum
697 2580 852 2658 eruditio,
878 2581 1054 2664 elegantia,
1080 2583 1243 2662 comitas}

151 2705 236 2768 quas
252 2685 391 2749 virtutes
406 2683 613 2766 principibus
625 2683 834 2748 necessarias
846 2704 924 2748 esse
940 2693 1018 2748 ante
1028 2684 1159 2750 dixerat
1168 2683 1194 2769 3)
1207 2695 1245 2750 et

150 2806 227 2872 cap.
244 2803 326 2851 ΧΗ.
340 2786 358 2870 §
373 2786 425 2850 to.
449 2789 513 2850 'ea
528 2791 725 2870 tempestate
739 2786 936 2870 Imperatori
953 2795 1067 2852 nostro
1079 2787 1244 2853 Constan-

152 2891 201 2954 tio
215 2890 344 2972 insigne
354 2888 501 2954 Caesaris
512 2887 626 2953 datum
638 2886 657 2953 :’
667 2887 767 2966 unde,
778 2890 842 2952 sub
851 2889 1053 2955 Constantio
1065 2890 1244 2972 scripsisse

150 3013 238 3070 eum,
249 2993 450 3075 intelligitur.
494 2990 612 3056 Annus
623 2993 735 3069 etiam,
745 3012 813 3076 qno
825 2992 1005 3076 scripserit,
1015 2991 1127 3074 colligi
1143 3010 1245 3074 posse

151 3115 194 3159 ex
206 3096 249 3159 iis
261 3096 400 3170 videtur,
410 3115 488 3181 quae
500 3115 574 3178 cap.
587 3111 683 3158 xnrr.
700 3096 785 3180 §20.
801 3096 1027 3177 reperiuntur:
1051 3093 1118 3158 ‘At
1129 3093 1244 3159 Julius

150 3198 364 3264 Constantius
385 3217 490 3263 annos
514 3204 583 3261 tres
603 3204 703 3280 atque
716 3199 836 3279 uiginti
852 3198 1048 3279 Augustum
1069 3198 1244 3281 imperium

148 3321 275 3383 regens,
297 3301 376 3365 dum
399 3301 547 3364 externis
573 3300 731 3377 motibus,
757 3300 855 3363 modo
877 3298 1034 3363 civilibus
1055 3310 1243 3380 exercetur,

150 3423 237 3484 aegre
266 3403 309 3466 ab
339 3402 439 3466 armis
465 3398 586 3465 abest!
640 3398 724 3485 Ejus
752 3407 863 3464 autem
887 3400 1103 3483 Imperatoris
1134 3421 1243 3468 annus

150 3505 332 3569 vicesimus
361 3503 477 3567 tertius
506 3508 558 3567 est
592 3521 701 3567 annus
732 3503 855 3568 Christi
885 3519 1034 3568 cccclx.
1087 3503 1243 3571 Andreas

150 3609 308 3673 Schottus
323 3607 357 3670 in
373 3607 571 3673 Praelatione
585 3607 627 3672 ad
642 3600 720 3672 eum
735 3606 885 3674 Victoris
898 3607 1058 3684 libellum,
1072 3607 1244 3673 Gerardus

150 3711 172 3776 J
175 3731 300 3776 oannes
310 3708 459 3773 Vossius
474 3709 515 3774 de
526 3710 715 3776 Historicis
727 3710 855 3776 Latinis
870 3710 930 3775 lib.
944 3729 983 3775 rr.
999 3731 1076 3794 cap.
1085 3711 1117 3775 8.
1151 3710 1244 3775 Mar·

150 3814 239 3878 tinus
254 3811 413 3890 Haukius
433 3811 475 3875 de
490 3811 716 3878 Romanarum
741 3813 864 3878 Rerum
889 3815 1120 3898 scriptoribus
1144 3829 1169 3876 r.
1188 3815 1242 3879 29.

150 3916 240 3980 Sam.
267 3915 467 3997 Basuagius,
490 3912 613 3979 Annal.
634 3915 736 3995 Rolit.
757 3914 887 3979 Eccles.
908 3915 951 3979 ad
972 3934 1046 3978 ann.
1060 3912 1137 3978 361.
1153 3934 1185 3978 ιι.
1201 3931 1241 3978 rr.

150 4039 183 4102 p.
198 4014 272 4083 862.
304 4018 432 4083 Ludov.
448 4016 529 4082 Ant.
545 4016 748 4108 Muratorius
764 4017 798 4079 iu
814 4015 945 4081 Hister·
968 4015 1079 4080 Italiae
1103 4025 1183 4080 tom.
1200 4033 1241 4082 rr.

150 4143 184 4205 p.
200 4122 274 4185 449.
291 4140 377 4185 vers.
393 4119 507 4186 Germ.
530 4129 564 4184 et
585 4119 640 4183 Fr.
656 4119 922 4213 Lindeuhrogius
945 4121 977 4183 in
993 4119 1185 4188 Observatt.
1208 4123 1241 4186 in

150 4225 360 4289 Ammianum
381 4223 622 4303 Marcellinum,
638 4221 790 4290 historici
810 4223 884 4307 ejus
907 4225 1008 4290 verba
1022 4224 1064 4289 de
1079 4226 1143 4290 hoc
1162 4245 1241 4289 uos-
