3022 5026
300 341 344 410 lo
644 360 828 411 nsarrnsrr
854 362 1063 412 euersum.

301 525 461 586 curarem,
476 507 693 591 paucissimis
708 507 807 573 factis
823 507 1082 588 mutationibus3
1104 507 1179 573 dein
1189 528 1233 574 ex
1245 509 1396 576 animad-

301 611 510 676 versionibus
528 610 681 687 Grnneri,
701 609 888 688 Arntuenii,
901 611 1165 694 reliquorumque
1179 613 1395 697 interpretum

302 731 345 780 eu
356 713 412 778 val
424 713 551 795 integra
565 713 785 788 transferrem,
800 713 890 799 quod
907 713 1045 797 quidem
1061 715 1169 778 rarius
1181 714 1309 781 factum
1331 723 1395 795 est,

300 817 335 882 in
351 816 438 881 banc
448 815 650 897 editionem
673 816 729 880 vel
744 817 905 896 crebrius,
928 824 966 881 at
980 837 1113 882 summa
1132 834 1217 882 usus
1230 820 1396 886 brevitate

300 938 524 1002 excerperem,
538 919 700 1003 quaeusui
715 925 750 984 et
764 938 873 1004 scopo
889 919 1077 984 viderentur
1092 928 1174 1004 apta
1187 928 1223 986 et
1242 923 1284 987 ad
1300 923 1396 988 inteld

302 1021 475 1106 ligantiam
495 1021 812 1106 expositionemque
837 1022 1024 1088 faciliorem
1047 1022 1207 1090 efficacia.
1252 1024 1396 1090 Criticen

299 1125 417 1200 radus,
430 1143 531 1207 quarn
547 1124 643 1201 solet,
654 1125 759 1207 attigi,
768 1125 833 1189 nisi
849 1126 908 1189 ubi
922 1125 1112 1191 obscuritas
1127 1132 1185 1190 aut
1198 1145 1315 1193 sensus
1328 1127 1396 1193 loci

300 1237 338 1295 ct
350 1227 527 1292 verborum
541 1226 634 1291 illam
649 1233 753 1292 artem
768 1228 906 1292 omnino
925 1232 1145 1311 poposcerat.
1190 1229 1283 1295 Hinc
1298 1230 1396 1296 lecti·

253 1358 265 1371 ·
299 1329 374 1394 onis
389 1329 582 1394 varietntem
597 1348 738 1413 eumque
753 1330 915 1412 potiorem
929 1330 1015 1394 locis
1031 1338 1163 1394 tantum
1179 1331 1292 1396 dubiis
1307 1333 1396 1398 indi·

300 1431 388 1498 cavi.
432 1431 533 1510 Quod
558 1438 670 1497 tumen
700 1437 778 1516 post
805 1430 996 1509 Arntzenii,
1021 1431 1179 1511 Gruneri,
1201 1433 1331 1498 Klotzii
1360 1435 1395 1498 in

302 1535 534 1601 miscellaneis
548 1534 697 1611 (luiticis,
711 1536 920 1620 aliorumque
933 1555 1067 1621 operam
1080 1557 1122 1603 ac
1134 1537 1297 1602 medelam
1306 1535 1396 1601 baud

300 1657 410 1724 panea
425 1639 505 1704 loca
528 1646 695 1723 corrupta,
717 1640 846 1719 luxata,
866 1640 1009 1706 necdum
1025 1646 1145 1706 sanata
1159 1640 1268 1705 adbuc
1282 1659 1397 1723 super-

301 1749 391 1817 sunt,
407 1762 486 1828 quae
508 1762 646 1807 manum
670 1743 845 1827 postulant
866 1743 1054 1823 medicam3
1079 1742 1123 1808 de
1144 1744 1200 1820 iis,
1225 1741 1396 1828 quomodo

301 1847 405 1911 tutius
428 1844 606 1910 faciliusve
631 1845 739 1910 curari
767 1845 908 1910 forsitan
933 1852 1083 1930 possent,
1111 1847 1144 1910 in
1171 1847 1262 1911 notis
1285 1862 1397 1910 meam

301 1947 423 2032 paucis
439 1947 512 2011 dixi
527 1948 734 2014 sententiam.
779 1948 884 2025 Loca,
895 1968 939 2013 cx
954 1949 1079 2032 quibus
1090 1950 1249 2031 magister
1260 1948 1398 2032 potissi·

301 2068 393 2115 mum
405 2049 512 2115 lucem
526 2057 626 2133 queat
639 2051 794 2135 accipere
810 2058 871 2115 ant
884 2052 1062 2116 scientiam
1078 2052 1283 2135 amplificare
1294 2052 1398 2116 bisto-

301 2153 417 2230 ricam,
430 2157 465 2216 et
478 2172 609 2217 omnem
624 2152 707 2217 facti
722 2172 743 2217 a
758 2152 898 2218 Victore
920 2153 1115 2217 brevissime
1130 2154 1278 2236 expositi
1292 2153 1397 2220 bisto-

301 2254 387 2320 riam
400 2256 499 2338 quusi
513 2253 657 2329 haurire,
672 2253 846 2336 diligenter
861 2253 1045 2338 seduloque
1061 2255 1230 2319 excitavi:
1253 2254 1399 2322 breuita-

301 2357 346 2422 tis
357 2363 480 2435 tamen,
491 2375 592 2442 quam
605 2355 706 2440 hujus
715 2355 874 2421 editionis
888 2356 1057 2421 redemtor
1069 2356 1150 2421 mibi
1164 2356 1397 2424 commendare

301 2476 471 2546 nunqnam
496 2459 636 2537 destitit,
663 2459 834 2524 studiosus
859 2459 961 2525 verba
986 2460 1064 2543 ipsa
1089 2478 1258 2543 apponere
1294 2463 1397 2528 nolui.

302 2559 415 2626 Acoat
424 2560 576 2626 nimirum
591 2561 747 2643 magister
760 2560 967 2644 diligentiam
981 2560 1198 2645 studiumque
1212 2562 1399 2645 discipulo·

302 2681 375 2728 rum
390 2669 424 2729 et
438 2664 538 2728 animi
551 2665 781 2742 intentionem,
792 2665 939 2749 quando,
951 2665 1113 2748 explicito
1127 2665 1204 2729 libri
1219 2665 1398 2749 cujusdam
1454 2709 1456 2713 v

302 2765 427 2850 capite,
450 2765 621 2831 historiam
650 2767 774 2851 ipsam,
806 2767 950 2831 ducibus
977 2768 1172 2832 auctoribus
1195 2767 1397 2843 memoratis,

303 2869 408 2954 paulo
437 2869 584 2946 uberim,
605 2868 655 2933 ita
677 2873 805 2947 tamen,
821 2874 858 2933 ut
882 2875 995 2934 teneat
1022 2870 1168 2947 modum,
1194 2877 1334 2945 enarrat,
1363 2881 1399 2936 et

302 2978 424 3057 postea
438 2972 624 3057 discipulos
639 2972 782 3037 eandem
797 2972 920 3038 chartae
934 2973 1092 3040 mandare
1102 2976 1211 3057 jubet.
1255 2973 1400 3058 Insuper

303 3074 393 3179 baud
416 3094 527 3161 panca
555 3077 624 3141 alia
647 3077 691 3141 ad
713 3077 929 3161 intelligenda
951 3077 1224 3161 explicandaque
1249 3077 1398 3142 auctoris

302 3181 404 3245 uerba
417 3198 471 3243 ma
493 3179 644 3244 attulisse
659 3198 744 3244 reor.
786 3180 841 3245 Ad
856 3200 918 3245 eos
933 3189 1047 3246 tamen
1061 3181 1176 3258 libros,
1192 3179 1300 3264 quiin
1316 3180 1398 3244 urbe

302 3281 448 3368 quadam
462 3281 552 3347 haud
568 3281 708 3365 ignobili
720 3282 857 3348 facilius
868 3291 1006 3369 possent
1017 3283 1210 3368 reperirint
1221 3284 1399 3369 plurimum

302 3385 497 3471 provocavi.
540 3385 715 3470 Alioquin,
730 3387 771 3465 si,
786 3387 904 3466 nescio
916 3407 1029 3472 quarn,
1043 3387 1213 3451 literarum
1228 3387 1400 3452 librorum·

303 3508 371 3575 qne
387 3486 522 3571 copiam
533 3495 717 3567 ostentare,
727 3493 787 3554 aut
800 3490 978 3572 singularis
993 3489 1176 3569 diligentiae
1192 3490 1398 3572 aliarumque

303 3592 460 3658 vinctum
481 3589 628 3669 laudem,
650 3591 725 3655 sive
749 3591 866 3674 potius
893 3590 1041 3673 speciem
1057 3592 1278 3674 umbramque
1300 3591 1398 3655 unios

303 3693 429 3771 venari,
445 3684 504 3758 aut
514 3692 799 3769 commentarium,
811 3690 871 3776 qui
892 3711 1001 3756 uorus
1013 3691 1110 3777 quasi
1126 3693 1301 3767 videretur,
1315 3692 1398 3756 ube·

303 3799 422 3864 riorem
437 3797 601 3863 conficere
617 3800 650 3860 et
660 3793 819 3879 jactitare
829 3793 1031 3876 voluissem
1046 3795 1158 3860 forsan
1167 3793 1273 3857 multo
1283 3792 1397 3876 pluras

303 3908 459 3966 auctores
477 3899 668 3983 scriptaque
689 3897 788 3981 plura
800 3896 950 3976 laudare,
966 3903 1010 3976 at,
1032 3897 1122 3963 baud
1142 3894 1294 3960 solicitus
1316 3914 1396 3962 unm

303 4002 452 4084 magistri
466 4008 500 4066 et
509 4001 651 4085 juvenes
665 4000 725 4065 illa
738 4000 849 4067 ridere
863 4005 898 4064 et
919 4018 1114 4085 comparare
1131 4001 1280 4080 possent,
1299 4002 1331 4064 et
1351 3998 1398 4065 ad

304 4101 477 4172 meliorem
499 4109 600 4188 atqua
627 4103 821 4187 ampliorem
850 4103 1025 4170 scientiam
1054 4107 1159 4185 atque
1180 4099 1397 4168 eruditionem
