3022 5026
244 329 248 333 ’
368 364 416 412 nn
439 362 564 411 snxro
588 361 759 412 sensuro
785 361 961 410 vroronn.
1179 344 1223 409 2⁷

174 667 176 671 ⁷
312 641 576 709 GERARDUS
603 639 825 707 JOANNES
848 639 1049 708 vossws

340 794 388 845 nn
406 793 616 846 nrsromcrs
636 793 790 855 narmrs,
806 794 867 842 nm.
879 806 910 842 n.
927 793 1029 843 eme.

125 973 248 1033 Aurelii
273 974 398 1036 Victoris
412 983 496 1044 cetur,
521 973 669 1056 dignitas,
691 974 789 1033 tenuis
802 976 901 1055 origo,
915 972 988 1034 libri
1007 972 1065 1034 duo
1084 975 1223 1054 genuini.

170 1070 230 1133 Sed
241 1071 315 1132 tiber
327 1072 362 1133 dc
378 1074 506 1154 Origine
521 1073 628 1133 Gentis
637 1072 780 1133 Romunae
793 1069 919 1132 ulterior
931 1079 985 1142 cst,
1001 1070 1054 1152 qui
1067 1079 1096 1130 et
1109 1070 1145 1132 dc
1156 1072 1225 1134 Ori.-
1291 1079 1296 1086 '

166 1169 240 1248 gire
264 1169 370 1229 Gentis
392 1171 555 1230 Peloriaca
573 1169 681 1248 egerit.
725 1168 883 1248 Religione
902 1171 993 1249 prior
1015 1168 1065 1229 ille
1086 1169 1223 1248 gentitis.

169 1265 243 1325 Duo
252 1266 308 1326 ulii
318 1266 438 1327 Aurelii
456 1266 597 1338 Victores,
613 1285 690 1325 anus
703 1265 757 1326 troc
771 1268 937 1348 antiquior,
952 1266 1030 1326 ulter
1042 1267 1204 1347 eujunior.

170 1445 324 1514 Snxrus
350 1447 553 1513 Aurasius
580 1445 741 1522 Vro‘ron,
767 1448 825 1530 qui
853 1448 1017 1513 beneficio
1047 1448 1226 1513 clarissimi

126 1549 199 1628 viri,
213 1550 361 1617 Andreae
376 1551 519 1627 Sobotti,
535 1549 660 1634 prodiit
669 1550 703 1613 in
714 1549 837 1626 lucem,
850 1557 951 1613 aetate
960 1551 1048 1615 vixit
1060 1549 1225 1615 Constan-

127 1653 165 1718 ni
180 1662 216 1718 et
229 1651 358 1718 tuliani
375 1653 635 1736 Imperatorum.
678 1651 854 1734 Siquidem
867 1654 902 1714 in
919 1651 1040 1716 Marco
1052 1650 1226 1716 Antonino

128 1755 338 1839 Philosopbo
356 1759 417 1830 ait,
432 1761 442 1789 ⁶
460 1755 638 1819 Constrata
652 1760 747 1818 tarrae
768 1762 861 1818 motu
876 1761 990 1819 nostra
1006 1761 1107 1821 aetate
1123 1755 1227 1821 Nico-

127 1859 250 1938 media,
265 1858 396 1923 Cereali
420 1856 580 1922 consule!
622 1856 669 1922 At
692 1856 854 1923 Neratius
880 1856 1032 1922 Cerealis
1056 1866 1139 1943 post
1169 1873 1226 1924 rx.

129 1961 317 2026 Constantii
340 1961 547 2026 consulatum
572 1961 692 2026 consui
707 1961 781 2025 soit.
826 1959 882 2025 Ad
897 1960 971 2026 boec
986 1963 1020 2026 in
1036 1962 1060 2027 J
1062 1963 1131 2026 ulio
1147 1961 1228 2026 Pbi·

128 2063 225 2148 lippo
240 2064 360 2147 inquit,
376 2073 386 2101 ¹
399 2061 528 2128 Nostra
543 2083 678 2150 quoque
692 2069 890 2148 aetatepost
900 2064 1003 2144 milia,
1014 2066 1227 2141 centesimus,

128 2169 269 2233 consule
284 2168 457 2252 Philippo,
475 2169 637 2246 excessit,
652 2167 764 2244 nullis,
778 2167 826 2231 uti
841 2167 938 2245 solet,
954 2168 1151 2233 solennibus
1162 2166 1231 2232 ire--

129 2270 323 2354 queuntes!
367 2271 524 2355 Denique
538 2271 573 2334 in
583 2269 802 2335 Constantino
817 2270 875 2346 ait,
889 2269 966 2336 ‘Ac
982 2273 1141 2336 memoria
1152 2288 1228 2336 mca

129 2371 409 2452 Constantinum:
431 2371 562 2459 (malim
580 2392 656 2438 cum
676 2374 821 2439 Sobotto
847 2370 1079 2453 Constantium)
1094 2380 1105 2410 ‘
1121 2393 1228 2459 quan-

129 2494 230 2557 quam
256 2477 376 2541 ceteris
408 2482 573 2560 promtum
601 2475 790 2556 viauubus,
825 2476 869 2541 ad
892 2496 999 2562 usque
1024 2484 1117 2542 astra
1138 2478 1226 2542 votis

131 2579 277 2642 omnium
293 2578 502 2643 subvexerat
546 2577 660 2658 Quare
681 2598 743 2644 nec
765 2580 915 2659 dubium,
930 2581 1010 2665 quin
1032 2581 1086 2645 bic
1108 2582 1153 2645 sit
1170 2580 1228 2645 ille

130 2679 290 2744 Aurelius
314 2679 447 2756 Victor,
470 2681 528 2765 qui
550 2700 626 2746 oum
649 2680 886 2747 Valentiniano
909 2682 1028 2747 consul
1050 2683 1112 2747 luit
1137 2701 1226 2750 anuo

131 2795 288 2845 rroxxrr.
331 2783 384 2848 Ao
407 2783 505 2866 longe
528 2785 639 2849 minus
656 2785 803 2869 ambigo,
817 2786 898 2870 quio
921 2786 1008 2851 idem
1035 2785 1079 2850 eit
1093 2785 1227 2866 Victor,

130 2884 174 2949 de
196 2904 264 2968 qno
289 2885 341 2950 sic
355 2884 555 2952 Ammianus
576 2887 795 2953 Marcellinus
809 2889 870 2953 lib.
888 2903 974 2953 xxr.
997 2873 1229 2972 ‘Imperator’

128 2987 376 3071 (Constantius)
389 2993 582 3055 ‘revertitur
594 2989 755 3069 Nassum,
771 2993 950 3076 copiosum
967 2990 1144 3073 oppidum,
1159 3009 1228 3074 quo

130 3091 210 3155 inde
224 3092 378 3176 expedite
393 3103 516 3159 concta
531 3094 721 3178 disponerat
736 3095 808 3159 suis
816 3093 1021 3159 utilitatibus
1035 3092 1228 3177 profuturae

131 3196 191 3260 ubi
208 3193 378 3262 Victorem
392 3197 483 3281 apud
500 3198 657 3262 Sirmium
673 3199 796 3275 visum,
808 3197 1005 3280 scriptorem
1021 3195 1228 3280 historicum,

132 3299 256 3364 exinde
272 3303 383 3365 venire
398 3306 617 3385 praeceptum,
628 3300 813 3366 Pannoniae
834 3300 994 3365 secundm
1019 3299 1229 3362 consularem

131 3402 294 3485 prefecit,
321 3409 354 3465 et
369 3401 546 3467 bonoravit
561 3421 656 3467 aenea
671 3408 795 3481 statua,
821 3404 928 3466 virum
945 3401 1140 3466 sobrietatis
1155 3419 1228 3484 gra·

131 3502 179 3568 tia
193 3503 439 3578 multilaudum,
455 3505 561 3569 multo
581 3514 661 3588 post
684 3503 771 3571 Urbi
792 3503 1012 3590 preelectum!
1053 3503 1168 3590 Atque
1183 3521 1229 3569 ex

41 3598 47 3607 ’
133 3626 176 3670 eo
191 3608 268 3672 loco
284 3606 385 3669 simul
401 3609 647 3689 cognoscimus,
670 3628 740 3692 quo
754 3608 887 3687 virtute,
902 3615 937 3672 et
950 3607 1163 3674 bonestorum
1179 3621 1229 3672 art

132 3710 214 3774 tium
226 3709 360 3785 studiis,
373 3710 554 3792 pertigerit,
566 3712 645 3776 licet
660 3716 670 3746 ‘
683 3730 754 3776 rure
767 3720 868 3789 ortus,
879 3713 1036 3797 tenuique
1047 3718 1083 3776 et
1092 3710 1228 3775 indocto

131 3809 249 3898 patre,’
263 3819 300 3877 ut
316 3813 390 3896 ipse
401 3812 443 3876 de
453 3832 488 3875 se
503 3811 623 3879 Victor
634 3815 667 3879 in
685 3815 809 3880 Severo
822 3816 949 3879 scribit.
981 3814 1108 3878 Extant
1121 3811 1225 3894 hujus

131 3915 279 3979 Victoris
294 3916 370 3978 libri
386 3914 464 3979 duo.
508 3915 605 3980 Prior
620 3924 671 3982 est
687 3918 749 3981 ‘de
758 3916 853 3980 Viris
865 3914 1072 3981 Illustribus'
1086 3935 1106 3979 a
1118 3915 1229 3985 Proca

133 4037 241 4102 usque
265 4017 308 4082 ad
326 4017 453 4091 lulium
478 4017 659 4096 Caesarem,
681 4021 739 4103 qui
762 4019 817 4082 vel
838 4017 995 4083 Cornelio
1015 4017 1153 4102 Nepoti,
1174 4021 1228 4086 vel

133 4118 247 4186 Plinio
265 4118 525 4198 Novocomensi,
540 4120 595 4183 val
611 4121 775 4186 Suetonio
796 4121 898 4186 etiam
916 4120 1002 4185 salso
1018 4121 1115 4186 tribui
1130 4123 1227 4189 solet.

133 4223 230 4290 Alter
252 4224 400 4291 continet
421 4225 509 4305 vitas
534 4221 709 4294 Caesarum
736 4223 846 4313 usque
870 4223 915 4291 ad
941 4222 1071 4292 iuliani
1095 4227 1229 4293 tertium
