3022 5026
235 734 514 820 VIRORUM
554 730 959 818 ERUDITORUM
998 730 1234 814 JUDICIA

316 998 394 1075 DE
421 996 601 1074 SEXTO
628 993 870 1072 AURELlO
897 992 1158 1073 VICTORE.

597 1247 879 1261 ψ...-

597 1265 880 1284 —

356 1451 569 1517 JOANNES
599 1449 835 1511 METELLUS
864 1451 1113 1520 SEQUANus

511 1581 708 1636 suessano
727 1582 867 1633 sucuro
884 1584 912 1634 s.
929 1586 963 1634 n.

188 1735 344 1823 Accnnr
365 1775 386 1820 a
407 1754 595 1820 clarissimo
616 1755 688 1820 viro
713 1752 871 1820 Cornelio
892 1752 996 1821 Vaeto
1016 1755 1181 1822 Gandevo
1201 1757 1286 1822 anti·

189 1861 389 1942 quissimum
414 1859 572 1940 scriptum
599 1856 758 1921 codicem.
803 1857 961 1923 Continet
983 1858 1164 1923 Illustrium
1188 1856 1285 1923 Viro

188 1981 260 2026 rum
283 1960 395 2035 Vites,
422 1979 497 2041 quae
520 1958 622 2023 Plinii
647 1959 741 2022 titulo
767 1958 1053 2038 circumsemntur,
1080 1969 1112 2026 et
1138 1960 1288 2026 Victoris

189 2060 319 2126 Aurelii
348 2060 513 2125 Historiae
539 2060 759 2138 abbreviatae,
785 2061 908 2145 inquit,
933 2062 977 2125 ab
1002 2059 1156 2144 Angusto
1183 2060 1286 2127 Octa-

190 2162 365 2248 viano,(id
389 2168 487 2239 est,a
510 2159 575 2225 fine
599 2161 641 2225 T.
654 2161 744 2226 Livii
767 2180 874 2245 usque
897 2163 942 2227 ad
963 2165 1175 2229 consulatum
1198 2164 1288 2230 deci·

190 2286 278 2331 mum
292 2264 484 2330 Constantii
501 2262 647 2345 Augusti
662 2269 695 2327 et
709 2262 730 2326 J
735 2262 835 2328 uliaui
851 2266 980 2330 tertium
993 2263 1020 2350 3)
1042 2266 1082 2330 de
1095 2269 1288 2332 Caesaribus

189 2369 353 2435 libellum.
402 2365 465 2430 llle
495 2365 612 2443 Plinii,
638 2365 764 2430 nullius
798 2369 982 2451 ascriptum
1018 2388 1138 2433 nomen
1164 2369 1287 2434 babet:

191 2471 328 2536 undeet
347 2471 379 2533 in
395 2469 621 2554 suspicionem
637 2469 749 2544 venio,
766 2489 841 2532 cum
858 2468 900 2533 de
917 2490 957 2533 eo
972 2471 1107 2554 quidem
1125 2471 1286 2545 dubitent,

189 2575 273 2659 (non
293 2574 415 2638 desunt
435 2573 535 2648 cuim,
552 2571 609 2653 qui
631 2589 707 2633 eum
724 2570 887 2636 Suetonio
911 2572 1084 2649 tribuant)
1098 2580 1135 2638 ut
1150 2573 1288 2638 Asconii

190 2677 332 2742 Pediani
355 2695 431 2740 esse
454 2693 621 2752 censeam,
635 2694 703 2737 non
727 2674 885 2751 Cornelii,
901 2682 937 2741 ul
956 2676 1015 2740 alii
1031 2678 1155 2753 volunt,
1171 2676 1289 2761 Nepo-

189 2781 244 2845 tis.
288 2779 351 2843 Est
370 2778 474 2844 editio
494 2777 595 2842 tertia
614 2783 707 2860 parte
729 2778 937 2861 completior.
983 2777 1120 2842 Initium
1141 2777 1223 2844 iacit
1243 2780 1287 2844 ab

190 2882 313 2966 origine
336 2882 428 2946 urbis
451 2880 627 2956 Romanae,
643 2887 677 2944 et
692 2879 768 2943 linis
783 2881 833 2945 sic
848 2880 971 2945 babet:
995 2881 1215 2965 ‘Expliciunt
1229 2902 1287 2946 no·

190 2987 281 3050 mina
296 2984 491 3069 Principum
510 2982 758 3049 Romanorum!
802 2983 1027 3063 Quamobrem
1042 2984 1126 3048 hanc
1143 2985 1289 3067 inscrip-

190 3089 313 3152 tionem
343 3086 484 3150 indidit=
522 3085 593 3165 ‘Q.
623 3084 752 3151 Asconi
784 3085 923 3151 Pediani
950 3086 1119 3151 Patavini
1140 3085 1182 3151 de
1212 3085 1289 3150 Ori-

190 3192 264 3273 gine
285 3187 567 3272 Principibusque
588 3186 712 3252 Gentis
732 3187 855 3254 Liber.’
901 3188 1033 3255 Dicitur
1056 3189 1090 3253 in
1113 3187 1185 3274 ejus
1209 3209 1289 3255 ano·

189 3312 290 3376 nymo
310 3292 409 3357 titulo
432 3291 595 3357 collectus
619 3297 653 3356 et
676 3290 841 3374 digestus,
865 3311 886 3356 a
911 3311 979 3376 quo
1000 3312 1091 3370 vero,
1117 3313 1181 3357 non
1207 3296 1287 3359 scri-

189 3395 298 3474 bitur3
321 3394 493 3457 ‘nimirum
509 3413 552 3457 ex
568 3392 690 3459 Verrio
708 3393 843 3470 Flacco,
854 3392 1006 3472 voratio,
1019 3394 1126 3460 Fabio
1141 3395 1287 3474 Pictore,

190 3496 333 3572 Licinio,
359 3493 519 3569 Varrone,
546 3493 695 3573 Caesare,
721 3495 909 3572 Tuberone,
933 3506 967 3560 ct
990 3499 1080 3561 omni
1102 3499 1288 3581 priscorum

189 3596 351 3664 historia!
396 3596 589 3673 ‘Proinde'
609 3595 729 3682 inquit,
745 3602 755 3630 ¹
769 3604 805 3661 ut
821 3597 963 3681 quisque
978 3601 1219 3664 neotericorum
1234 3618 1288 3661 as·

191 3702 366 3779 severavit,
381 3701 445 3766 boc
466 3708 518 3765 eet
533 3699 651 3764 Livius
667 3708 701 3763 et
715 3698 837 3763 Victor
847 3699 952 3764 Afer!
988 3700 1158 3765 Victorem
1182 3698 1289 3779 addit,

190 3825 256 3868 non
273 3810 408 3888 propter
426 3802 514 3867 bunc
529 3802 668 3883 librum3
692 3801 750 3866 scd
772 3809 906 3887 propter
919 3802 1089 3867 Aurelium
1104 3800 1288 3881 Victorem,

190 3907 233 3971 de
257 3926 324 3989 quo
345 3905 504 3983 diximus
520 3906 577 3989 qui
600 3904 701 3989 hujus
720 3904 908 3983 historiam,
924 3925 1001 3990 quae
1021 3903 1147 3968 desinit
1169 3905 1200 3968 in
1217 3903 1287 3969 An-

189 4010 280 4073 tonio
303 4013 336 4071 et
354 4009 549 4092 Cleopatra,
566 4008 774 4073 continuavit
789 4007 866 4072 inde
887 4010 920 4072 in
935 4006 1061 4071 iuliani
1078 4007 1288 4073 consulatum

189 4111 330 4176 tertium.
376 4110 425 4175 Hi
449 4119 603 4178 auctores
627 4111 805 4178 laudantur
826 4112 890 4177 boc
913 4111 998 4174 libro
1021 4129 1147 4184 omncs,
1169 4119 1288 4194 praetcr
