3022 5026
554 335 729 386 aprunus.
766 336 848 385 car.
872 337 963 387 xuv.
1235 324 1302 390 445

207 483 241 547 6.
264 480 404 564 Pingere
419 479 668 560 venustissime,
683 481 903 561 meminisse:¹
918 501 1006 548 nova
1021 502 1113 549 arma
1127 486 1302 564 meditari:

208 585 328 666 tingere
338 604 415 648 cera
426 602 484 647 seu
495 583 594 646 limo·
606 582 796 659 simulacra,
809 583 988 665 prudenter
997 585 1049 649 uti
1060 586 1157 663 loeis,
1171 596 1300 672 tempo·

207 688 310 764 ribus,
327 705 497 750 sermone:
522 694 636 767 atque,
653 691 689 748 ut
709 685 851 749 breviter
865 686 1072 763 concludam,
1087 689 1116 751 si
1138 689 1170 752 ei
1184 688 1302 753 foedis'

207 787 408 866 hominibus,
438 788 514 871 quis
539 807 616 851 sese
646 788 742 870 quasi
764 787 937 852 fidissimis
967 790 1300 874 prudentissimisque

208 889 357 970 dederat,
383 911 504 964 carcre,
525 898 582 954 aut
608 892 754 973 probatis
782 891 986 975 eruditisque
1010 892 1230 957 monitoribus
1249 894 1301 958 uti

206 992 372 1070 licuisset,
388 993 557 1077 perlectus
574 992 662 1055 band
679 991 779 1056 dubie
796 994 947 1077 princeps
963 994 1152 1059 enituisset.
1175 995 1208 1056 7.
1224 993 1300 1057 Ηιι-

202 1093 439 1179 justemporeu
455 1094 609 1159 Firmus¹
624 1093 714 1177 apud
731 1093 964 1159 Mauritaniam
981 1116 1115 1179 regnum
1128 1095 1300 1174 invadens,

207 1199 421 1282 extinguitur.
465 1197 497 1261 8.
520 1196 781 1262 Valentinianus
807 1197 898 1280 apud
914 1197 1186 1281 Bergentionem'
1210 1198 1299 1282 lega-

206 1301 287 1366 tioni
305 1301 499 1380 Quadorum
528 1298 744 1382 respondens,
759 1317 846 1363 anno
869 1298 935 1364 aeri
958 1302 1073 1382 quinto
1088 1307 1122 1364 et
1136 1301 1301 1384 quinqua-

206 1404 345 1486 gesimo,
360 1404 485 1489 impetu
502 1402 698 1485 sanguinis,¹
713 1421 796 1466 voce
809 1402 947 1478 amissa,
969 1422 1070 1466 sensu
1085 1403 1222 1485 integer,
1242 1423 1299 1466 ex-

207 1506 341 1588 piravit.
383 1505 415 1569 9.
439 1505 540 1585 Quod
570 1505 727 1588 quidem⁸
750 1506 1005 1588 intemperantia
1026 1505 1103 1582 cibi,
1118 1524 1159 1569 ac
1180 1505 1301 1568 saturi-

207 1612 289 1684 tate,
307 1628 375 1692 qua
397 1615 487 1672 artus
510 1606 699 1682 diffuderat,
724 1606 891 1671 accidisse
916 1607 1027 1691 plnres
1053 1607 1203 1672 retulere.
1247 1608 1301 1671 lo.

207 1707 330 1794 ltaque
351 1732 392 1777 eo
413 1719 557 1788 mortuo,
573 1708 833 1776 Valentinianus
856 1709 966 1773 adhuc
983 1709 1204 1793 quadriennis,
1220 1730 1300 1774 auc-

207 1817 280 1876 tore
304 1812 441 1897 Equitio
457 1834 499 1879 ac
514 1812 723 1878 Merobaude
744 1831 764 1876 o
786 1811 1000 1898 propinquo,b
1018 1813 1075 1878 ubi
1097 1833 1173 1879 curn
1196 1821 1300 1880 matre

207 1911 322 1992 iuerat,
338 1915 469 1996 allatus,
485 1922 619 1980 creatus
633 1922 688 1979 est
701 1913 901 1997 Imperator.

661 2075 845 2096 ΜΟΜΜΙΝ

207 2173 268 2226 Ald.
288 2175 389 2227 Sebott.
405 2177 502 2227 (laceb.
521 2176 614 2242 Delpb.
631 2176 775 2226 Putre-o
792 2175 888 2226 Genera
901 2176 1112 2226 oetentieeieroreoe
1123 2176 1263 2238 neminisse,
1274 2183 1302 2226 et

206 2253 266 2288 mox
279 2246 344 2291 terro
355 2257 402 2306 pro
411 2258 476 2306 cero,
487 2250 514 2293 et
524 2244 582 2292 dein
593 2241 737 2292 eernouibru
748 2255 795 2302 pro
805 2256 910 2291 sermone
921 2242 981 2291 ΑΜ.
990 2240 1196 2290 Sobott.Goesb.
1206 2241 1301 2303 Dolpb.

207 2303 301 2354 Pitirc.
311 2309 359 2356 niei
370 2309 438 2372 qnod
449 2308 509 2358 Ald.
525 2323 611 2370 genere
628 2308 706 2368 legat.
741 2305 876 2355 Preteree
886 2307 1023 2367 distinguit
1034 2307 1094 2354 ΑΜ.
1103 2306 1227 2354 nnulocrn
1246 2321 1302 2364 pre·

206 2371 300 2428 deuter,
317 2374 355 2421 reti
372 2372 439 2430 tocie,
457 2377 527 2436 temp.
560 2372 592 2422 ln
611 2385 684 2435 eeqq.
697 2370 721 2418 ee'
737 2371 760 2419 ee'
776 2370 858 2435 infidis
877 2370 1015 2425 horninibus,
1035 2371 1119 2434 qeibrrs
1134 2385 1184 2418 ecee
1201 2371 1301 2420 Scbntt.

207 2435 304 2486 (laceb.
315 2437 412 2500 Delpb.
424 2438 517 2488 Pitirc.
542 2439 687 2490 concludam,
697 2450 788 2498 semper
798 2436 945 2490 criminibus,
955 2437 1021 2498 queis
1034 2449 1084 2483 rere
1098 2437 1240 2496 antiquitus
1257 2451 1302 2484 ex·

206 2502 260 2548 cnei
276 2510 303 2548 et
315 2501 376 2550 Alo.
389 2505 431 2565 qni
449 2516 507 2550 mox
517 2508 608 2550 cureret
622 2515 679 2546 cnm
693 2499 753 2546 libb.
764 2499 917 2559 quibusdem
930 2500 1049 2562 legit-'1
1071 2499 1173 2546 Firmius
1193 2499 1264 2547 Leid.
1278 2505 1300 2552 Ι.

205 2565 335 2626 —8Aped
343 2565 509 2626 Bregitionem
520 2567 573 2613 etii.
602 2566 750 2621 Qecdrorm
764 2563 858 2625 Detpb.
890 2564 1150 2624 Tnmmme'nreger
1162 2564 1302 2613 brim.-

206 2630 223 2674 0
240 2627 374 2678 Securitote
393 2644 440 2691 pro
456 2630 582 2678 eoture'tote
599 2630 661 2678 Mu.
679 2642 721 2689 ep.
740 2627 841 2675 Schott.
859 2635 886 2675 et
903 2630 1045 2677 veronens.
1057 2642 1114 2675 cum
1127 2629 1225 2690 aliquot
1237 2629 1304 2685 Mer.

205 2705 249 2752 ep.
261 2692 351 2742 Arntz.
386 2695 449 2743 Mox
463 2695 540 2742 iidem
553 2701 581 2742 et
593 2692 652 2740 edd.
665 2706 723 2740 cum
736 2691 796 2740 Ald.
806 2693 911 2740 detulere
927 2708 973 2756 pro
987 2693 1161 2742 retulere—1⁰
1178 2695 1303 2755 ‘Equitio

206 2757 317 2820 AEqrritie
333 2764 357 2808 et
375 2759 520 2809 Merolerrdo
536 2773 550 2807 e
566 2757 695 2822 propinquo
711 2761 805 2805 creater
822 2756 955 2819 imperator
971 2758 1139 2807 Florieceneie
1156 2767 1183 2806 et
1201 2760 1302 2821 cujacii

699 2885 809 2940 NOTAE

238 2994 252 3028 t
270 2986 555 3049 Pingereneeaetieeine,
574 2987 683 3052 [Genera
693 3001 733 3037 oe·
772 2984 811 3035 eol
824 2983 921 3048 ἔγραψε·
930 2985 1010 3052 flexit
1019 2991 1043 3034 et
1054 2985 1142 3048 pinxit

206 3063 401 3130 Mlut'rrrorrrm]
417 3067 561 3132 minim]
578 3068 676 3115 'l'omon
699 3062 735 3111 nil
805 3062 912 3112 ‘Foedir
934 3061 1042 3127 [infidis]
1060 3062 1122 3110 Moe.
1135 3058 1226 3120 soro.-
1249 3075 1301 3111 non

205 3139 257 3187 tole
268 3139 302 3190 do
314 3141 446 3193 Hadriano
460 3159 501 3192 nre
516 3145 610 3207 legisse
621 3140 735 3191 memini.
774 3144 854 3208 probo
873 3149 981 3208 propter
999 3141 1028 3190 el
1036 3139 1243 3207 Jidieeinioquod
1262 3154 1301 3190 re·

204 3213 256 3264 Sed
277 3215 319 3265 bic
341 3224 441 3268 tentum
462 3221 584 3270 memorio
602 3217 736 3269 Hadriano
772 3221 868 3286 quitor.

205 3290 350 3353 proximum
369 3291 448 3343 fuisse
465 3295 674 3346 Valentinianum
693 3292 732 3342 di·
806 3305 817 3330 ²
835 3294 1038 3360 Heiutempore]
1049 3294 1234 3346 Annodecirno
1245 3296 1302 3359 ejoe

206 3365 244 3415 cit
256 3366 418 3429 Epitomiste.
453 3371 520 3421 Nem
538 3384 617 3436 rupte
633 3369 666 3418 dc
677 3368 732 3418 lle·
773 3374 883 3438 imperii.

206 3440 314 3494 delebor
341 3445 459 3496 ‘Memor
481 3462 559 3511 snpra
580 3460 656 3512 qoem
678 3446 732 3496 cut·
804 3458 818 3485 ¹
843 3451 953 3516 Firmos]
981 3450 1078 3499 Contra
1106 3461 1181 3512 qnenr
1209 3447 1301 3497 mirone

154 3566 156 3573 ,
207 3533 282 3582 quem
304 3521 429 3572 credibile
451 3531 501 3588 est,
519 3524 599 3586 locor,
617 3522 733 3585 negotio,
772 3525 939 3577 Theodosius.
971 3524 1039 3575 Vide
1052 3522 1179 3574 Ammien.

205 3596 301 3646 militer
323 3598 443 3650 abrentes
464 3615 569 3666 quoquo
590 3600 732 3650 nominibus
803 3612 814 3647 r
839 3598 1042 3664 Bergentioeern]
1068 3597 1302 3662 ‘Bregentionenr'

206 3673 360 3723 recensere!
775 3689 850 3730 vocat
872 3678 998 3729 Amorion.
1029 3675 1221 3740 ‘Bregetinrn’
1245 3676 1302 3725 aliie

239 3750 333 3800 ‘Nero
352 3766 419 3800 meno
438 3751 562 3815 oreditorl]
581 3752 679 3803 Nescio
700 3766 733 3801 au
773 3757 886 3817 dicitnr3
905 3756 966 3805 urbs
977 3756 1003 3803 in
1014 3754 1147 3804 Pannonio
1156 3752 1291 3815 superiori.

206 3825 276 3876 idem
287 3827 320 3877 dc
332 3827 468 3879 Hadriano
479 3837 599 3878 auctores
615 3829 733 3893 prodide·
805 3841 816 3864 ¹
833 3833 925 3895 inpetu
946 3830 1083 3894 unguinis]
1099 3829 1152 3879 Hic
1169 3838 1210 3879 est
1232 3830 1303 3878 ‘icto

206 3904 268 3955 ¹5⁰1·
774 3908 922 3973 sanguinis!
954 3908 1023 3956 Vide
1044 3921 1102 3971 qne
1123 3919 1200 3969 snpra
1222 3906 1248 3954 in
1271 3904 1302 3956 la.

239 3987 249 4013 ⁸
264 3982 369 4044 Fingere
377 3998 431 4033 cero
442 3981 530 4046 [uno]
539 3998 581 4034 ree
590 3982 658 4048 liaeo]
668 3983 735 4034 Moe.
774 3985 861 4036 Annio
872 3985 941 4037 Vero
952 3983 1024 4033 dicte
1034 3989 1103 4032 ennt.

204 4072 267 4106 cere.
299 4058 359 4109 Hoc
377 4058 445 4110 refer
462 4076 518 4126 qut
536 4074 614 4124 enpre
630 4060 664 4110 de
680 4059 735 4110 llo·
809 4071 821 4099 ⁸
839 4065 908 4121 Quod
922 4063 1029 4127 quiden]
1045 4062 1132 4112 Aliter
1144 4060 1303 4120 Ammianus,

207 4133 318 4184 drieno:
335 4137 452 4192 ‘Piston
472 4136 546 4186 fictor
566 4151 601 4186 ox
622 4150 673 4187 tere
692 4138 733 4187 eei
775 4139 819 4204 qui
844 4141 880 4189 eit
899 4153 932 4188 ex
955 4137 1088 4187 iracundie
1109 4137 1196 4186 subito
1216 4137 1302 4186 conci·

206 4223 331 4260 marmore
344 4215 459 4275 proxime
471 4214 622 4278 Polyclctoe
636 4221 664 4263 et
681 4214 733 4263 En·
774 4216 851 4267 diere.

207 4288 373 4354 plrrenorrr?
389 4299 415 4341 et
434 4291 525 4342 Dionis
537 4290 626 4354 verbe,
642 4289 733 4342 tenore
806 4291 870 4341 bec
882 4289 1024 4341 Merobaude
1038 4305 1051 4341 e
1066 4289 1197 4354 propinquo
1207 4288 1301 4354 [Mero
