3022 5026
492 366 668 418 narrumn.
706 366 789 415 car.
813 365 869 414 rx.
1163 346 1228 415 377

140 522 296 606 Namque
319 517 460 604 primum
482 515 644 580 satellites
668 510 864 597 tyrannidis,
878 509 946 575 nisi
967 511 1025 594 qni
1039 510 1124 576 forte
1139 519 1228 576 atro-

140 629 212 692 cius
226 626 324 706 longe
340 623 584 704 processerant,
607 617 743 682 flectere
763 615 876 698 potius
897 613 1027 690 maluit,
1046 633 1146 697 qoam
1170 633 1229 678 en·

140 727 308 794 cruciatos
334 722 464 796 delere3
486 719 744 804 prudentissime
767 724 871 795 ratus,
897 716 1025 781 nefaria
1045 716 1230 780 ministeria

140 850 162 895 a
185 828 336 915 pluribus
358 829 447 889 metu
463 822 581 888 curari.
626 822 660 886 6.
685 820 853 885 Praeterea
875 818 1004 902 legibus
1028 819 1230 903 aequissimis

140 930 319 1007 monendo,
332 927 489 1012 qnodque
510 924 738 990 vehementius
760 931 823 1002 ast,
840 924 917 987 vitae
933 922 1058 1005 specie,
1074 922 1231 986 vitiomm

139 1035 236 1120 plora
261 1031 467 1097 aboleverat.
509 1030 541 1094 7.
563 1027 720 1092 Infirmus
743 1033 867 1105 tamem
889 1026 940 1089 uti
969 1024 1105 1110 quidam
1127 1043 1231 1108 prave

142 1141 269 1222 putant,
284 1133 445 1198 adversus
467 1131 654 1215 pecuniam,
670 1149 748 1195 cum
768 1130 851 1194 satis
872 1129 1138 1206 commutarant
1161 1131 1232 1193 inu·

142 1238 201 1324 pia
214 1246 247 1302 et
262 1236 357 1302 clade
371 1235 511 1312 urbium,
535 1252 641 1299 novas
656 1253 729 1299 eum
748 1252 855 1316 neque
875 1241 995 1316 postea
1008 1232 1140 1297 habitas
1156 1252 1231 1297 vec-

142 1342 291 1425 tigalium
318 1341 496 1425 pensiones
518 1337 753 1422 exquisivisse.
797 1337 829 1403 8.
862 1336 932 1402 Hic
949 1336 1094 1402 Romam
1125 1336 1232 1400 desur-

142 1463 229 1509 mem
245 1442 411 1507 incendiis
427 1441 592 1506 veteribus
605 1460 645 1504 ac
662 1440 775 1516 ruinis,
790 1436 973 1525 permissu,¹
989 1440 1019 1503 si
1034 1438 1159 1503 domini
1175 1439 1232 1503 de·

143 1551 269 1624 essent,
298 1545 489 1610 volentibus
518 1542 705 1608 aedificandi
736 1544 848 1627 copia,
877 1539 1095 1624 Capitolium,
1125 1540 1232 1606 aedem

144 1649 258 1725 Pacis,
275 1646 411 1712 Claudii
435 1653 643 1712 monumenta
666 1649 857 1730 reparavit3
880 1646 1048 1730 multaque
1071 1663 1161 1711 nova
1183 1645 1233 1709 in-

146 1753 267 1818 stituit
310 1751 343 1816 9.
365 1750 434 1815 Per
447 1769 562 1814 omnes
578 1755 693 1826 terras,
709 1769 775 1834 qua
785 1749 843 1834 jus
860 1750 1047 1816 Romanum
1063 1753 1127 1826 est,
1141 1768 1233 1813 reno·

143 1862 230 1920 vatae
246 1857 346 1919 urbes
359 1853 452 1918 cultu
477 1853 630 1937 egregio;
654 1854 719 1919 viae
740 1855 898 1937 operibus
919 1852 1076 1917 maximis
1098 1851 1233 1916 munitae

145 1966 233 2021 sunt.
278 1957 331 2021 lo.
354 1956 452 2022 Tunc
469 1957 581 2021 cavati
597 1963 726 2021 montes
746 1974 805 2040 per
821 1955 1019 2020 Flaminiam
1040 1960 1235 2038 suntprono
1333 1990 1335 1994 >

145 2064 363 2142 transgressu,
380 2079 456 2144 quaa
471 2060 648 2142 vulgariter
662 2059 828 2125 Pertnnsa
843 2053 957 2144 petra*
970 2059 1145 2123 vocitatur.
1181 2055 1236 2119 11.

146 2159 243 2225 Mille
258 2169 374 2242 gentes
394 2163 603 2244 compositas,
617 2181 693 2226 cum
717 2161 881 2226 ducentas
904 2161 1072 2244 aegerrime
1093 2159 1234 2244 reperis·

146 2272 209 2341 set,
224 2264 382 2329 extinctis
397 2265 529 2330 saevitia
543 2272 753 2349 tyrannorum
764 2263 943 2349 plerisque.
987 2263 1041 2328 12.
1063 2263 1140 2328 Rex
1153 2260 1235 2326 Par·

145 2365 272 2430 thurum
287 2365 493 2450 Vologaesus
513 2376 605 2433 metu
628 2367 750 2434 soloin
765 2365 905 2451 pacem¹
920 2376 1062 2432 coactns
1077 2371 1139 2431 est.
1181 2364 1236 2429 13.

146 2466 256 2552 Syria,
272 2471 326 2534 coi
346 2468 532 2535 Palaestina
551 2489 671 2534 nomen
692 2475 756 2548 eat,
771 2469 960 2554 Ciliciaque
983 2489 1024 2534 ac
1038 2468 1185 2533 Thracia
1203 2470 1238 2530 et

147 2568 406 2654 Commagene,m
430 2591 531 2656 qnam
555 2570 653 2635 hodie
676 2569 1065 2655 Augustophratensew
1090 2569 1236 2633 nomina-

604 2731 781 2753 “menneo

149 2846 202 2884 nou
218 2832 361 2882 admittunt
373 2830 457 2883 editi.’
474 2832 561 2884 Arata.
587 2848 672 2897 neque
684 2833 800 2884 admittit
813 2832 925 2884 atu-e
943 2833 1003 2890 Qua
1012 2846 1099 2897 queque
1109 2844 1157 2895 pro
1167 2832 1241 2896 qrod-

148 2897 310 2963 quauta-v
328 2898 381 2947 Pro
392 2898 486 2948 taliter
497 2901 522 2948 in
534 2898 698 2964 fineogitatrr
709 2903 778 2963 conj·
791 2899 900 2950 Gruter.
915 2900 940 2948 ln
957 2902 1072 2960 margine
1088 2897 1144 2946 libri
1156 2899 1239 2946 aul.-

150 2968 182 3014 10
194 2964 380 3024 ‘mumurati
391 2962 480 3015 Guelt'.
498 2964 574 3014 Laid.
584 2969 607 3014 i.
623 2973 650 3015 et
662 2979 755 3027 magua
768 2979 826 3029 pm
843 2965 983 3023 editurum,
1010 2964 1123 3012 uterium
1132 2962 1239 3011 Partim

149 3029 191 3093 [ut
202 3029 301 3079 Sclrott.
309 3028 405 3078 (laceb.
415 3028 508 3092 Delph.
519 3029 625 3094 Pitina]
640 3032 798 3094 caprimum.
806 3044 863 3079 com
874 3030 940 3079 Mra.
957 3043 972 3078 r
1009 3030 1059 3077 ioca
1076 3041 1165 3076 omnes
1177 3027 1239 3076 Per·

150 3100 221 3143 tam
233 3094 432 3158 amplectuntur.
466 3095 552 3158 Supra
564 3110 611 3158 pro
622 3101 677 3146 tm
687 3096 776 3152 cuncti,
786 3094 860 3146 Leid.
872 3099 898 3145 8.
913 3094 1044 3149 mamerti,
1055 3094 1098 3155 qni
1117 3090 1183 3141 infra
1192 3106 1240 3153 oro

147 3158 265 3223 purique
276 3159 337 3223 legit
347 3160 498 3223 palliaque:
516 3160 601 3210 maie.’
613 3160 696 3212 Arata
720 3161 811 3211 Petam
820 3166 890 3224 petru
901 3157 1026 3210 Ata-12
1047 3158 1169 3219 Vologeses
1180 3156 1240 3207 Ata.

149 3224 252 3272 Schott.
261 3223 360 3274 (laceb.
370 3225 467 3288 Delplr.
476 3225 569 3275 Pitirc.
581 3234 608 3276 et
619 3240 678 3275 mox
687 3227 752 3276 end.
765 3225 791 3274 ia
831 3241 865 3285 ce,
875 3232 965 3274 contra
978 3224 1107 3272 Mea-18
1119 3222 1240 3286 ‘Vulgari

151 3287 208 3337 fere
220 3303 309 3338 ornnes
321 3289 363 3352 [ut
374 3290 473 3340 Schott.
488 3290 586 3342 Gaerb.
596 3290 693 3355 Delph.
705 3241 909 3354 Pittachyriu
919 3303 960 3338 m
971 3289 1113 3346 Poloertirru,
1133 3302 1175 3336 aea
1192 3301 1240 3336 aen

154 3354 244 3404 Cilicia
267 3354 390 3414 miae,-
404 3353 460 3406 fare
477 3370 583 3419 omner3
600 3356 650 3406 nial
667 3355 736 3422 quod
757 3355 873 3406 mutere
891 3354 1032 3406 Cratandrl
1053 3353 1096 3404 ed.
1114 3350 1241 3418 preferat

647 3485 753 3539 NO'l'AE

187 3577 339 3641 Ῥιπιιίασ]
356 3579 462 3631 Sueten.
480 3594 503 3634 c.
518 3584 543 3631 8.
559 3582 677 3632 ‘Vacua
710 3598 772 3646 gere
789 3582 891 3648 [Cilicia
911 3581 1016 3631 Tracta
1032 3586 1056 3630 et
1074 3579 1241 3644 Cammgerrr]

152 3668 227 3704 mear
245 3667 373 3718 occupare
390 3662 419 3706 et
435 3655 573 3719 adificare,
584 3659 606 3708 ri
621 3673 679 3723 poa·
712 3661 821 3712 Sueten.
833 3674 893 3723 cap.
903 3664 927 3711 8.
945 3659 1032 3709 ‘Item
1043 3658 1185 3708 Traclaeam
1197 3659 1241 3708 ct-

150 3744 264 3782 murore·
285 3738 428 3793 comerent,
448 3733 599 3800 cuicumque
619 3749 678 3800 per·
714 3736 800 3787 liciam
814 3744 841 3786 et
852 3737 1064 3799 Commagenen,
1075 3735 1183 3784 ditionis
1200 3748 1241 3784 re·

153 3808 242 3860 nisit!
715 3813 764 3878 gius
781 3827 863 3877 neque
881 3813 913 3861 ad
930 3812 956 3862 id
975 3821 1085 3876 tempus,
1099 3812 1124 3860 ln
1137 3811 1241 3875 provio·

184 3884 336 3934 lPertrurar
354 3882 482 3948 [aman]
499 3885 581 3950 petra]
601 3886 680 3937 Hunc
714 3887 929 3939 claromt‘ornram
946 3886 1066 3950 redegit?
1098 3885 1167 3936 Ante
1179 3887 1241 3935 Vea-

153 3966 240 4011 tamen
257 3961 342 4010 locum
361 3973 445 4023 propa
464 3961 589 4013 Puteolos
611 3965 681 4013 lucet
714 3966 847 4031 panianum
859 3965 960 4029 qnidam
973 3973 1080 4028 utraque
1096 3963 1121 4012 in
1139 3963 1243 4026 provin.

67 4032 70 4037 ’
154 4036 511 4089 PanlnrDireeuua.Vidain
521 4038 680 4092 cannara
714 4046 811 4095 ciarum
829 4043 936 4094 formam
947 4048 1020 4102 retu
1036 4041 1081 4090 red
1098 4055 1141 4090 em
1155 4041 1241 4097 caina,

189 4111 242 4163 'la
258 4129 339 4176 men
360 4113 399 4180 [in
416 4112 487 4179 puer]
502 4115 568 4166 Mar.
584 4117 680 4169 Mellae
715 4120 836 4186 impunita
848 4118 1099 4175 terraenaetrtenta
1113 4119 1191 4182 regia
1202 4116 1242 4169 a·

153 4189 181 4240 ia
193 4205 280 4251 μω.
715 4205 795 4248 cant.
828 4197 895 4246 Vide
906 4196 1014 4247 Dionem
1032 4195 1165 4247 lib-svm.
1198 4195 1243 4246 cl·

189 4272 208 4302 ⁸
225 4266 357 4334 cilicioque
372 4284 401 4319 ae
420 4267 522 4320 stude
533 4274 558 4322 et
576 4271 682 4323 Com
715 4273 776 4328 licia
795 4273 912 4327 raas·
932 4279 974 4326 ert
995 4271 1086 4326 cilicis
1101 4271 1240 4337 murittum
