3022 5026
356 368 407 427 bn
431 340 557 428 semro
581 377 750 427 nurnero
776 377 951 430 vrcronu.
1039 404 1043 410 -
1166 364 1208 432 31

117 527 359 610 damnatusque
381 525 517 609 eapitis,
546 544 565 589 e
590 542 676 590 saxo
700 526 859 610 Tarpeio,
888 534 924 591 ut
947 527 996 591 Μ.
1018 527 1127 594 Varro
1150 531 1208 607 ait,

117 649 273 714 praeceps
298 630 401 693 datus
424 637 497 708 est;
520 635 556 693 ut
577 627 754 692 Cornelius
776 637 890 692 autem
912 628 1027 713 Nepos
1050 634 1209 716 seriptum

116 732 281 818 relinquit,
296 731 503 797 verberando
512 738 652 796 necatus
662 728 734 796 est'
757 730 805 796 At
821 731 942 796 Victor
950 735 998 796 ait
1009 752 1083 811 cap.
1094 751 1208 799 xer.

118 835 331 902 ‘Damnatus
348 843 381 900 et
399 835 440 898 de
460 853 548 898 saxo
561 833 709 919 Tarpeio
724 834 977 919 praecipitatus!
1021 835 1110 921 Hlaec
1125 839 1210 903 inter

116 958 154 1004 se
167 941 347 1023 pugnantia
363 937 541 1022 Nepotem,
557 940 702 1004 nobilem
720 938 921 1016 historicum,
937 940 1131 1016 asseruisse,
1146 959 1210 1005 uon

100 1040 382 1107 *estverosimile
973 1042 975 1046 ’

161 1160 211 1206 vr.
234 1143 321 1222 Quae
345 1144 490 1211 comita
514 1143 603 1227 sint3
625 1144 827 1229 praestitcrit,
848 1142 1022 1209 meliorum
1042 1144 1211 1241 codicum,

116 1249 299 1330 praesertim
315 1268 358 1313 ex
373 1248 459 1334 ipsis
476 1247 564 1313 Mss.
578 1247 838 1332 publicatorum,
862 1248 898 1311 in
919 1247 1042 1332 quibus
1056 1247 1142 1312 liber
1155 1247 1212 1314 bic

115 1347 244 1414 Aurelii
257 1349 404 1417 Victoris
415 1371 533 1416 nomen
543 1350 717 1436 preefixum
729 1351 843 1429 babet,
859 1351 1091 1416 auctoritatem
1104 1353 1210 1437 sequi.

117 1450 277 1519 Solicitos
294 1474 372 1520 vero
396 1454 494 1537 cujus
516 1452 647 1518 Aurelii
670 1451 820 1518 Victoris
842 1453 906 1517 hoc
929 1452 971 1517 de
992 1451 1087 1517 Viris
1111 1452 1211 1518 Illus-

115 1553 218 1620 tribns
233 1557 431 1641 opusculum
447 1558 502 1634 sit,
522 1555 682 1621 certiores
696 1553 790 1632 facit,
811 1556 870 1637 qui
889 1554 930 1619 de
950 1553 1145 1620 Caesaribus
1159 1576 1212 1621 se·

115 1660 228 1742 quenti
242 1660 330 1724 libro
345 1660 559 1744 premittitur
572 1657 707 1723 titulus:
730 1663 740 1691 ⁶
754 1656 885 1722 Aurelii
898 1655 1047 1721 Victoris
1061 1650 1210 1726 historiar

116 1760 322 1827 abbreviatae
337 1783 416 1848 pars
438 1760 561 1826 altera!
605 1758 696 1824 Nam
718 1760 795 1825 iude
818 1759 1036 1844 probabiliter
1055 1761 1211 1846 colligere

116 1862 209 1943 licet,
234 1867 329 1952 cujus
351 1865 515 1951 posterior
535 1869 600 1943 est,
623 1863 774 1949 ejusdem
795 1861 946 1929 Victoris
969 1864 1112 1947 priorem
1134 1885 1210 1931 esse

116 1975 259 2052 partem.

91 2073 94 2076 ’
168 2087 233 2134 rrr.
270 2068 435 2150 Ceterum,
472 2072 598 2159 primus
634 2067 722 2134 inter
757 2070 836 2135 illos
865 2068 1011 2134 illustres
1040 2070 1129 2135 viros
1158 2079 1212 2137 est

116 2172 239 2251 Proca,
255 2192 315 2238 rex
329 2173 553 2252 Albanorum,
571 2175 629 2259 qui
643 2194 779 2256 regnum
803 2193 900 2238 soum
920 2173 998 2237 filiis
1019 2172 1159 2240 Amulio
1174 2187 1210 2241 et

117 2273 298 2352 Numitori,
321 2278 442 2341 annuis
458 2277 588 2341 vicibus
609 2275 796 2340 babendum
817 2275 963 2359 reliquit,
985 2295 1073 2341 enno
1095 2279 1211 2344 mnndi

115 2377 212 2441 3155.
227 2383 303 2442 ante
318 2378 463 2443 Romam
478 2379 645 2445 conditam
657 2379 713 2443 43.
731 2390 809 2443 ante
824 2378 863 2443 C.
881 2377 925 2442 N.
941 2380 1016 2444 793.
1061 2378 1210 2446 Ultimus

118 2487 171 2543 eet
184 2477 246 2544 Cn.
262 2481 458 2565 Pompeius,
482 2481 578 2565 eujus
593 2502 680 2547 mors
695 2483 729 2547 iu
745 2503 864 2547 annum
880 2481 983 2548 Urbis
996 2483 1072 2547 705.
1094 2484 1210 2548 mundi

117 2580 214 2648 3903.
229 2590 307 2649 ante
323 2583 361 2648 C.
378 2583 426 2649 N.
440 2585 495 2650 46.
509 2584 638 2650 incidit.

161 2702 243 2749 vrrr.
266 2684 321 2749 Ad
335 2685 396 2750 bos
407 2687 552 2752 illustres
568 2688 657 2752 viros
667 2685 942 2765 additamentum,
957 2689 990 2752 in
1005 2690 1208 2771 quibusdam

117 2787 266 2871 antiquis
288 2789 383 2852 libris
400 2789 486 2853 Mss.
507 2796 681 2874 repertum,
706 2788 811 2875 (quod
824 2790 971 2875 ejusdem
984 2793 1117 2857 ridetur
1131 2815 1209 2859 auc·

116 2891 202 2956 toris
216 2890 308 2975 esse)
318 2891 436 2974 incipit
450 2891 571 2959 aJnlio
583 2892 734 2969 (laesare,
750 2895 808 2977 qui
821 2901 946 2976 praetor
959 2894 993 2956 in
1003 2894 1210 2960 Lusitaniam

119 3013 205 3060 auno
219 2993 321 3059 Urbis
335 2995 409 3061 693.
431 2995 655 3093 1555313989.
672 3004 749 3062 ante
763 2995 805 3061 C.
822 2995 867 3059 N.
882 2996 938 3060 58.
954 2996 1047 3060 abiit.
1076 2997 1211 3062 Desinit

117 3100 154 3163 iu
167 3097 358 3183 Cleopatra,
380 3100 519 3185 AEgypti
544 3103 668 3183 regina,
686 3120 776 3184 quae,
792 3100 882 3164 victo
902 3098 953 3161 M.
972 3099 1119 3165 Antonio
1138 3121 1208 3166 nra-

118 3201 192 3278 rito,
207 3203 284 3287 ipsa
305 3213 443 3270 mortem
467 3202 533 3267 sibi
555 3202 756 3268 acceleravit
775 3221 862 3266 anno
879 3200 982 3265 Urbis
997 3203 1072 3267 733.
1093 3205 1207 3269 mnndi
1277 3209 1278 3212 ’

117 3305 213 3371 3999.
229 3315 305 3372 ante
320 3307 360 3373 C.
375 3307 422 3373 N.
436 3308 491 3372 38.

164 3424 220 3473 rx.
241 3406 414 3474 Praeterea
440 3407 535 3473 Sexti
558 3405 686 3471 Aurelii
708 3404 856 3471 Victoris
880 3405 921 3470 de
952 3407 1143 3473 Caesaribus
1169 3411 1209 3475 li-

117 3511 212 3577 brutn
226 3494 399 3576 habemus.
443 3509 573 3575 Horum
594 3511 719 3595 primus
733 3518 785 3574 est
799 3509 1008 3576 Octavianus
1027 3510 1210 3593 Augustus,

118 3613 248 3698 aonios
263 3612 468 3697 principatu,
485 3634 581 3698 quem
598 3613 641 3679 ad
659 3632 779 3678 annum
795 3613 899 3680 Urbis
912 3614 987 3679 732.
1002 3615 1037 3678 id
1053 3624 1116 3693 est,
1132 3623 1210 3680 ante

117 3714 159 3782 C.
174 3715 208 3782 N
212 3761 221 3779 .
241 3715 297 3783 29.
318 3716 427 3794 refert,
450 3718 579 3802 incipit.
622 3715 771 3782 Ultimus
794 3726 846 3782 est
871 3717 1095 3796 Constantius,
1120 3717 1210 3784 Con-

117 3821 254 3885 stantini
269 3818 385 3902 Magni
399 3819 503 3896 filius,
519 3821 555 3886 iu
569 3822 668 3905 cujus
683 3839 769 3885 anno
783 3819 837 3886 23.
854 3821 913 3904 qui
927 3828 980 3887 est
991 3819 1094 3885 Urbis
1110 3821 1208 3887 1111.

118 3921 243 3990 Christi
257 3922 333 3990 359.
347 3922 483 3990 desinit.
