3022 5026
463 345 641 395 serious.
679 346 761 393 cue.
784 344 899 394 xnus.
1161 329 1226 395 441

626 487 736 539 Nom

131 584 201 636 uude
226 584 389 649 ‘mensorii'
415 591 443 637 et
469 586 660 638 ‘rneusuisrii'
732 585 858 637 ¹Fiscsm
878 585 961 636 iissem
977 584 1083 649 vorari]
1106 587 1228 639 ctsndios

131 662 204 712 dicti.
700 663 802 712 Minos:
820 664 951 714 ‘Humsui
964 665 1228 726 quodspteuestcor·

164 745 176 771 ¹
192 739 337 788 Emctiosrs
345 738 465 803 improbos
474 741 594 790 detestsrn
604 740 660 804 [ὑπο
701 741 780 803 poris,
791 741 815 788 in
826 740 913 804 populi
925 755 962 801 re,
973 740 1031 789 Hoc
1040 741 1129 789 Cesar
1138 740 1228 792 fiscum

129 814 231 879 prebens
248 822 272 865 et
290 815 420 879 Μηίων]
438 817 533 866 Metius
552 818 616 867 Μαι.
633 823 661 866 et
700 817 795 867 dixerit
806 833 863 867 esse
875 833 966 867 suum:
984 817 1059 866 Fisco
1073 827 1157 872 erroro,
1168 820 1227 868 reii-

131 889 660 957 ed.veronensiuexscrissesispmbasre·
701 895 744 958 qni
764 894 903 946 tabescunt
920 895 1036 958 corporis
1056 902 1136 955 setus,
1154 896 1230 947 Fisco

130 973 227 1017 testeus.
261 968 352 1034 Neque
367 970 434 1018 euim
448 970 544 1035 queris
558 971 660 1020 exactio
700 980 779 1022 sueto
790 973 909 1038 erguitnr
920 973 1004 1024 cirIes
1016 970 1172 1038 pauperies?

131 1042 302 1108 deterrentis,
317 1043 363 1094 sed
375 1044 463 1109 nimis,
475 1044 520 1095 sed
532 1044 660 1109 improba.
687 1120 689 1125 Ι

539 1439 644 1508 cAP.
674 1439 817 1508 XLIII.

584 1578 785 1628 susurrus.

175 1694 209 1759 1.
231 1694 372 1762 Iei‘rurt
386 1698 553 1772 Julianus,
566 1698 707 1764 redacte
724 1698 767 1762 ad
788 1717 887 1762 nuum
909 1717 947 1762 se
968 1696 1060 1763 orbis
1080 1696 1226 1763 Romani

134 1799 315 1877 curatione,
329 1801 444 1883 gloriae
459 1803 557 1867 nimis
573 1801 729 1886 cupidus,
743 1800 776 1864 iu
792 1801 916 1866 Persas
928 1800 1161 1885 proficiscitur·
1194 1799 1227 1863 2.

134 1897 246 1965 illics
266 1903 438 1986 transfuga
461 1904 609 1992 quodam
632 1905 667 1969 in
691 1903 833 1969 iusidias
852 1902 1028 1979 deductus,
1051 1922 1127 1967 cum
1149 1923 1227 1967 eum

134 1998 211 2066 biuc
234 2002 312 2068 iude
328 2004 470 2071 Parthi5
498 2015 656 2090 urgerent,
671 2026 691 2071 e
706 2005 828 2071 cestris
849 2006 922 2090 jam
946 2006 1080 2091 positis,
1096 2012 1228 2089 arrepto

133 2107 260 2168 tautum
284 2108 405 2192 clypeo
430 2111 606 2193 procurrit.
650 2109 682 2175 3.
717 2107 871 2192 Cumque
896 2107 1084 2172 inconsulto
1109 2107 1229 2171 ardore

133 2204 247 2270 nititur
262 2210 396 2274 ordines
410 2211 452 2276 ad
468 2212 623 2297 prselium
642 2228 853 2294 componere,
867 2211 910 2273 sb
924 2228 990 2273 uuo
1002 2226 1047 2271 ex
1063 2207 1229 2283 hostibus,

133 2314 168 2370 et
191 2310 327 2392 quidem
353 2313 514 2395 fugiente,
536 2322 638 2379 conto
662 2312 866 2397 percutitur.¹
906 2311 940 2373 4.
963 2306 1171 2393 Relatusquo
1193 2307 1229 2372 iu

132 2409 395 2492 sabernaculum,
410 2435 592 2499 rursusque
607 2413 650 2478 ad
666 2413 848 2478 hortandos
863 2430 946 2475 suos
962 2428 1126 2491 egressus,
1140 2428 1227 2493 pen·

132 2508 225 2575 latim
245 2516 404 2596 sauguine
414 2526 593 2593 uacuatos,
609 2516 700 2579 circa
722 2515 831 2578 noctis
845 2513 915 2577 sere
931 2511 1078 2575 medium
1095 2508 1228 2591 defecit,

133 2612 305 2693 prostatus,
321 2616 474 2680 consulto
488 2636 565 2681 sese
581 2615 623 2679 de
649 2614 789 2697 irnperio
808 2613 891 2678 nihii
911 2612 1089 2693 mendare;
1111 2631 1162 2687 ne,
1180 2614 1227 2678 uti

132 2712 219 2778 solet
233 2715 267 2778 iu
281 2716 493 2784 multitudiue
507 2718 778 2802 discrepantibus
798 2715 933 2793 studiis,
949 2716 1060 2779 amico
1082 2735 1127 2779 ex
1142 2715 1226 2779 iuvi·

134 2813 216 2895 din,·
229 2818 423 2902 reipubiioae
439 2819 610 2888 discordia
625 2819 796 2885 exercitus
812 2817 993 2903 perIculum
1008 2823 1150 2901 pararet.
1194 2818 1228 2884 5.

167 3082 235 3132 cst·
250 3094 333 3138 mn.
366 3088 381 3136 l'
401 3086 474 3138 Orbis
483 3087 611 3147 erratione,
624 3088 717 3138 omisso
728 3097 792 3135 roes
804 3081 918 3145 lienosi,
928 3079 1034 3147 quidsrn
1046 3094 1089 3142 sp.
1102 3076 1225 3130 Aruin-

135 3150 151 3195 2
167 3148 203 3195 ‘E
212 3149 363 3210 carusium.
379 3153 478 3202 Veron.
490 3159 612 3216 urgerem,
620 3153 750 3214 nasjan
761 3147 861 3214 positis:
870 3162 929 3197 mox
939 3148 970 3197 sd
981 3146 1230 3209 manumissorem

135 3210 243 3261 deficit:
261 3223 288 3263 et
305 3216 331 3263 iu
346 3216 398 3265 Itis.
413 3233 464 3268 uuo
479 3219 567 3268 isssito
580 3234 626 3282 pro
641 3217 780 3268 trossulis.
814 3213 893 3264 Forte
904 3213 991 3261 inssiso
1004 3220 1138 3274 repeteret
1150 3210 1228 3261 librt-

134 3278 202 3325 rius:
221 3278 283 3327 nihii
296 3288 381 3330 tsrnen
393 3281 516 3332 demuto!
531 3283 671 3334 Scires-s
689 3282 731 3330 Ex
747 3281 808 3328 bosi.
825 3279 952 3341 etquidem
965 3281 1076 3338 tergeste
1092 3274 1152 3325 did.
1168 3290 1226 3326 cunr

135 3341 226 3404 priscis
238 3343 347 3395 edd-*⁴¹
362 3345 394 3396 Iu
406 3346 493 3408 finem,
504 3347 690 3412 discrepantibus
704 3346 769 3396 stsd.
785 3343 922 3402 morsm,
933 3356 964 3392 ex
975 3342 1066 3390 insidis
1083 3341 1227 3404 reipublice,

133 3405 260 3465 discordia,
278 3412 320 3470 &c-
334 3411 436 3465 Sebott.
448 3413 547 3464 Gsesb.
556 3413 651 3478 Deipir.
665 3412 757 3461 Pitise.
773 3409 853 3458 'Meu
864 3422 894 3457 es
904 3407 996 3456 invidio
1006 3407 1042 3456 rei
1057 3408 1084 3469 p.
1100 3407 1228 3456 discordis.

135 3472 171 3520 Ar
183 3472 280 3524 Veron.
297 3489 343 3538 pro
361 3478 512 3529 sbbrsristu
529 3480 590 3542 reip.
610 3480 701 3527 scribit
717 3474 858 3538 rsiprbiiea.
890 3472 933 3521 Sir
951 3473 1017 3520 euim
1030 3472 1113 3519 Iocum
1125 3470 1225 3519 edidit:

134 3536 323 3600 discrepantibus
337 3544 424 3593 dedis
439 3547 514 3594 emico
530 3559 561 3593 ex
574 3544 667 3594 incidis
676 3540 810 3606 reipsbiica
820 3537 962 3589 omnibs
973 3536 1092 3586 exereitus
1101 3536 1230 3599 perierim

131 3608 239 3664 parares.
272 3606 338 3657 Ques
356 3611 560 3671 scripturorum
580 3610 701 3660 intrirsts
719 3607 763 3666 sir,
775 3606 861 3656 nescio
881 3617 914 3651 sn
931 3601 988 3652 hee
1004 3602 1038 3651 sit
1054 3599 1229 3653 commodiora

135 3666 211 3715 unico
232 3668 357 3730 insidiam,
374 3675 676 3737 reprehendentium,
694 3670 810 3722 exercitui
829 3668 960 3734 perierim
979 3663 1093 3730 peroret?
1107 3664 1229 3729 Syiburg,

135 3730 189 3780 ‘Ut
200 3742 241 3782 est
252 3735 277 3782 in
291 3742 375 3799 textu,
384 3739 421 3787 sie
432 3740 516 3789 edidit
527 3740 635 3789 ducibus
646 3738 732 3794 codd..
743 3742 771 3786 et
783 3749 833 3797 ope
850 3731 1062 3794 interpunctionis
1079 3731 1163 3780 iocum
1181 3743 1227 3779 ex·

136 3799 223 3860 posuit
236 3798 386 3851 Gruueros:
405 3802 551 3854 ‘Juiisuuur
562 3806 671 3854 veritum
680 3817 746 3857 esse,
755 3813 786 3848 oe
795 3798 888 3857 surico,
897 3796 918 3845 si
929 3810 1104 3847 succurere·
1114 3796 1229 3845 nornine·

136 3870 188 3923 ret,
197 3877 229 3912 ex
247 3864 353 3926 invidis,
364 3867 513 3930 reipublice
531 3884 563 3918 ex
581 3870 707 3919 discordis
724 3866 854 3916 exercitus
872 3862 1016 3926 perieulum
1027 3862 1154 3922 oriretur;
1169 3874 1228 3910 enrn

136 3928 221 3978 scindi
239 3929 266 3978 in
283 3934 413 3982 eontrsri's
429 3933 516 3983 studis
532 3934 673 3985 multitudo
687 3930 788 3982 soient?
820 3929 873 3980 Alii
883 3928 967 3977 atitsr.
978 3926 1152 3977 ...Arntssn
1163 3940 1228 3978 rsro

170 4155 181 4189 5
198 4149 296 4213 Parthi]
313 4151 366 4200 Pto
379 4152 478 4203 Perse.
631 4071 1147 4214 Now·dorico[urrsioorrrrrr]e‘re'rrsridio]
1164 4144 1229 4196 Mas.

169 4226 267 4274 ¹t'osro
276 4228 420 4295 perentitur]
435 4229 490 4283 Sub
500 4230 611 4284 dextere
619 4246 663 4283 sx-
701 4230 777 4278 umbo
787 4242 819 4277 es
827 4225 927 4286 bridio,
934 4225 994 4287 reip.
1000 4223 1128 4272 discordis.
1144 4222 1228 4272 Vero·

137 4300 181 4352 ssis
193 4302 321 4356 Amnisu.
703 4306 790 4358 nensis
806 4303 871 4354 edit.
885 4301 962 4353 onies
979 4313 1011 4350 ss
1030 4299 1121 4351 insidis
1137 4299 1229 4365 seipsi.
