3022 5026
586 369 761 421 nrtuous.
798 371 880 418 cnr.
904 371 928 418 t.
1009 378 1012 385 ¹
1237 357 1302 422 361

212 522 292 586 litus
313 524 393 584 erat.
437 515 492 582 26.
512 516 660 601 Abjecta
685 534 823 600 quoqne
847 534 954 581 uxore
979 515 1166 595 Scribonia,
1190 537 1304 584 amore

212 624 329 689 alienae
349 620 523 704 conjugisn
548 637 741 703 possessus,
757 617 903 696 Liviam,
924 619 1021 701 quasi
1047 620 1165 684 marito
1184 639 1305 686 conce·

212 725 336 800 dente,¹
351 724 415 789 sibi
426 722 616 806 conjunxit:
640 721 738 805 cujus
750 720 857 788 Liviae
868 730 883 769 ³
891 721 964 805 jam
978 721 1303 788 erautfiliiTr'berius
1339 750 1343 776 ι

212 832 247 891 et
263 827 405 891 Drusus.
448 825 502 888 27.
525 822 676 907 Cumque
695 831 786 887 esset
803 823 948 889 luxuriae
967 823 1139 900 seruiens,¹
1164 831 1238 890 erat
1252 834 1303 891 ta·

211 948 287 994 meu
301 927 451 1012 ejusdem
463 927 535 992 vitii
548 926 783 991 severissimus
792 927 878 992 ultor
890 946 900 1006 ;
922 945 1013 991 more
1028 926 1209 1003 hominum,
1222 928 1280 1010 qni
1289 935 1303 964 ⁸

210 1034 245 1096 in
275 1030 476 1096 ulciscendis
507 1030 611 1104 vitiis,
642 1031 764 1114 quibus
792 1031 860 1113 ipsi
889 1030 1094 1095 vehementer
1118 1028 1303 1111 indulgent,

189 1197 191 1201 ,
211 1153 308 1198 acres
324 1142 413 1198 sunt.
458 1132 549 1198 Nam
565 1132 701 1216 politam
725 1131 895 1211 Ovidium,
911 1134 968 1217 qui
983 1141 1019 1197 et
1033 1131 1144 1208 Naso,
1160 1152 1221 1215 pro
1247 1152 1301 1210 eo,

210 1235 301 1319 quud
316 1243 382 1301 tres
396 1233 554 1301 libellosl
575 1235 748 1300 amatoriae
763 1236 844 1299 artis
860 1236 1073 1318 conscripsit,
1093 1235 1195 1299 exilio
1209 1234 1301 1300 dam-

210 1339 316 1404 nevit.
359 1337 414 1403 28.
437 1336 606 1422 Quodque
622 1345 675 1402 est
689 1338 760 1402 laeti
773 1339 875 1403 animi
890 1339 943 1403 vel
958 1337 1094 1415 amoeni,
1111 1338 1314 1402 oblectabat·-

210 1449 264 1506 tur
277 1441 366 1505 omui
385 1447 522 1523 generee
547 1440 826 1522 spectaculorum,
841 1442 1009 1524 praecipue
1026 1439 1169 1504 ferarum
1188 1440 1307 1523 inceps

210 1545 279 1608 nita
293 1545 418 1628 specie,
434 1551 468 1607 et
482 1542 614 1606 infinito
632 1561 779 1606 numero.
823 1542 878 1607 29.
901 1541 1018 1606 Annos
1033 1547 1163 1624 septem
1180 1546 1212 1607 et
1226 1561 1301 1625 sep-

210 1642 382 1728 tuutginta‘¹
397 1647 579 1728 ingressus,
595 1643 697 1709 Nolae
710 1646 827 1708 morbo
843 1645 979 1709 interiit.
1023 1643 1227 1729 Quanquam
1242 1644 1300 1709 alii

211 1750 369 1819 scribant,
383 1746 459 1811 dolo
476 1747 605 1812 Liviae·
619 1747 815 1824 extinctum,
826 1748 1008 1822 metuentis,
1023 1747 1301 1829 ne,qniapr1rig·

209 1847 286 1914 uae‘
305 1849 411 1915 filium
422 1847 623 1932 Agrippam,
639 1869 736 1933 quem
751 1849 830 1914 odio
841 1849 1010 1916 novercali
1022 1850 1207 1914 ininsulam
1218 1850 1302 1915 rele-

668 2002 848 2025 monumo

208 2103 362 2166 pudicitiam
374 2112 551 2167 prosteruunt.
585 2104 703 2168 Denique
714 2105 846 2155 onmem
856 2105 954 2155 Sebott.
962 2104 1058 2154 Gaeeb.
1068 2105 1165 2168 Delpb.
1175 2106 1301 2156 Pltiao—

208 2172 240 2218 21
259 2170 322 2218 Naar
338 2176 362 2219 et
376 2170 469 2234 po'e'tam
484 2170 548 2219 eaed.
562 2183 620 2220 curn
634 2169 694 2219 nte.
728 2171 790 2219 Mox
807 2170 930 2219 amatoria
949 2172 1012 2220 ertia
1030 2171 1209 2234 materiperrat,
1226 2174 1299 2221 en'lio

207 2236 329 2283 damnarit
339 2235 441 2285 Sctrott.
460 2235 556 2284 Gaeab.
573 2236 668 2299 Delpb.
684 2235 777 2284 Pitiac.
795 2234 878 2284 'Hac
890 2235 984 2284 abeunt
996 2251 1012 2285 a
1024 2235 1107 2285 tribua
1118 2236 1181 2285 Mra.
1191 2245 1219 2286 et
1227 2237 1296 2286 lacn·

207 2313 266 2349 uam
279 2300 438 2364 reliquerant
447 2299 554 2351 librarii.
588 2300 746 2349 Veron‘enaia
757 2298 800 2348 ed.
811 2301 873 2362 qaod
883 2305 932 2350 trea
943 2301 1031 2350 libellas
1041 2303 1071 2350 de
1081 2307 1133 2351 arte
1142 2302 1236 2351 madi
1246 2302 1297 2351 edi·

206 2366 290 2415 dmi:
306 2368 412 2430 quodque
423 2371 484 2415 earet
496 2365 547 2414 tati
559 2365 786 2426 temereternere,
803 2366 830 2412 t'a
848 2365 948 2415 exiliatur
964 2366 1038 2414 mitit.
1074 2366 1241 2417 oblectabatur
1251 2382 1300 2416 ora·

207 2429 272 2480 aiam
280 2446 394 2494 generare
404 2430 553 2496 apectuetttt'r,
561 2432 687 2495 precipue,
698 2433 739 2494 tre.
771 2430 844 2480 Nihil
863 2442 950 2481 tamen
965 2430 1090 2482 demuto.'
1105 2431 1198 2482 &tote
1232 2432 1299 2482 Vide

698 2558 805 2608 NDTAE

208 2661 261 2715 tur,
279 2654 304 2703 iu
322 2669 372 2719 qna
389 2655 502 2704 Deorum
515 2655 679 2718 Domumque
690 2655 734 2704 lta·
774 2669 833 2718 quar
850 2671 927 2720 aupra
944 2656 1087 2706 eeraribur
1105 2655 1176 2704 dicta
1192 2663 1252 2705 aunt
1272 2656 1299 2706 iu

207 2730 263 2778 bitu
283 2730 409 2792 convivae,
426 2738 453 2778 et
474 2731 528 2793 ipae
547 2743 593 2791 pto
614 2730 734 2792 Apolline
774 2729 910 2793 Augurto:
932 2731 1092 2795 ‘Flagraute
1112 2730 1179 2780 baud
1199 2731 1300 2783 modice

207 2812 313 2855 oroatua
332 2804 517 2855 discumbebat.
550 2803 611 2854 Vid.
627 2806 734 2855 Sueten.
773 2807 893 2859 luxuria!

207 2895 264 2944 cap.
275 2885 315 2930 70.
805 2887 902 2935 ⁸Mm
916 2885 1043 2946 dominam,
1059 2884 1112 2948 qat]
1131 2884 1198 2935 Plio.
1215 2886 1299 2949 Epiat.

239 2959 248 2989 ⁸
265 2956 408 3020 Catamitus]
425 2957 616 3022 Catanitaapro
628 2957 732 3023 ‘Gany
774 2974 838 3010 vnr.
855 2965 895 3012 22.
912 2961 1038 3011 ‘Nostine
1056 2961 1111 3017 boa,
1127 2962 1170 3025 qui
1186 2963 1298 3012 omnium

206 3035 308 3084 medea’
321 3042 421 3085 vetarer
433 3035 568 3086 dicebant:
586 3045 613 3086 et
625 3035 685 3085 inda
696 3053 732 3086 ea·
774 3036 906 3086 libidinum
915 3038 1035 3093 aerai‚ric
1044 3037 1150 3087 aliorum
1160 3038 1299 3088 altiiairaa·

208 3113 287 3161 turriti
303 3112 398 3162 aimilea
414 3113 559 3176 Ganymedi
576 3113 650 3178 poeti
670 3114 734 3164 dicti
773 3110 883 3162 cuntur?
901 3113 971 3175 quari
988 3113 1127 3169 invideant,
1139 3123 1165 3162 et
1177 3114 1299 3177 grariari·

208 3199 277 3239 aunt.
773 3204 814 3238 ure
826 3191 934 3252 puniunt
945 3204 1009 3253 quoa
1019 3190 1129 3239 maxime
1139 3190 1289 3241 imitantur!

239 3275 251 3300 ¹
267 3266 573 3331 anomalieaoeeeqiugia]
589 3267 734 3321 ldemDio.
805 3265 816 3300 '²
833 3268 884 3316 Pru
900 3282 936 3329 eo,
947 3269 1008 3331 qaod
1022 3266 1182 3331 treatt'belloa]
1198 3269 1256 3318 Nec
1266 3282 1299 3320 eu

207 3342 313 3392 Sueten.
336 3340 415 3392 refert
438 3342 583 3407 Augentum
599 3346 733 3411 auripalaae
772 3344 829 3392 aola
844 3342 913 3394 exilii
933 3357 1012 3393 cauea
1025 3341 1084 3399 snit,
1097 3343 1142 3392 aed
1158 3358 1230 3394 error
1241 3346 1297 3410 qni·

205 3434 301 3469 aecum
319 3419 455 3471 Scribonia
470 3422 609 3474 divortium
630 3424 732 3483 tecleae,
771 3419 832 3470 dam
847 3436 923 3485 quem
942 3420 999 3484 ipse
1020 3420 1155 3484 supprimit
1172 3421 1250 3470 Triat.
1266 3436 1298 3471 tt.

206 3511 304 3546 morum
330 3496 387 3559 ejus
414 3494 610 3562 pertemitatem
637 3509 732 3565 perta·
770 3497 957 3547 ‘Perdiderint
978 3511 1037 3546 cum
1056 3510 1097 3545 me
1115 3495 1167 3546 duo
1183 3498 1301 3560 crimina,

206 3588 273 3623 aum.
771 3590 873 3624 carrueu
886 3584 913 3623 et
925 3588 1006 3635 error,
1019 3572 1133 3623 Alterius
1144 3573 1206 3623 iacti
1220 3574 1302 3639 culpa-

219 3657 251 3707 ,2
279 3649 356 3706 Queri
377 3652 465 3700 marito
484 3653 632 3719 eoncedente]
658 3655 732 3705 Beue
771 3650 1014 3701 silendamibieat.’
1086 3676 1090 3684 ·

205 3726 730 3791 qauairnaminritomatitoeamabdua·
803 3725 1001 3775 ‘Olkclsslellfl'
1020 3725 1084 3775 ml
1101 3727 1201 3792 mm]
1229 3726 1303 3784 Vide.

204 3806 235 3856 it.
252 3804 358 3854 Suetou.
369 3817 428 3866 cap.
439 3806 480 3852 62.
490 3806 498 3832 ⁸
507 3801 547 3853 Ac
565 3805 651 3855 atatim
664 3806 731 3856 Livi·
772 3803 878 3852 Sueten.
890 3817 966 3866 capp.
976 3806 1016 3852 ta.
1026 3811 1053 3852 et
1064 3806 1106 3852 lo.

205 3896 245 3932 am
254 3880 393 3934 Drusillam
404 3879 566 3928 matrimonio
574 3880 668 3929 Tiberii
680 3881 731 3929 Ne·
802 3877 815 3912 ⁴
832 3880 913 3929 Aurea
923 3885 1010 3941 reptem
1019 3884 1043 3927 et
1053 3877 1126 3942 sept]
1137 3879 1300 3944 ‘Septum-

204 3959 281 4015 rouia‚
294 3955 431 4020 etquidem
445 3963 619 4018 pugnantem
633 3956 730 4006 abdua·
771 3955 836 4004 aimo
857 3964 884 4003 et
907 3962 981 4002 aexto
1001 3955 1087 4003 aetatir
1109 3969 1185 4016 anno,
1206 3957 1299 4009 diabna

204 4035 226 4084 it
235 4041 250 4084 :¹
264 4036 308 4084 ubl
316 4035 418 4084 abduxit
429 4034 531 4097 proprie
543 4036 592 4084 rim
602 4044 683 4083 notat.
772 4034 883 4096 quinque
895 4039 921 4077 et
933 4030 1040 4091 triginta
1051 4030 1151 4080 minuta!
1170 4033 1275 4084 Sueten.

235 4117 247 4151 t
266 4110 339 4169 (ἰήιε
349 4110 439 4175 Livia]
463 4110 502 4159 Ex
512 4109 615 4161 Tiberio
626 4111 731 4162 Nerone
803 4114 815 4140 θ
831 4106 893 4154 Dolo
904 4103 992 4169 Ποία]
1008 4105 1069 4155 Flcu
1080 4121 1179 4159 veneno
1189 4108 1297 4165 infecit.

204 4185 312 4234 aettieer.
329 4186 623 4249 Vid.Sneton.cap.62.
680 4245 682 4248 Ι
736 4203 739 4208 ’
771 4183 833 4234 Dio.

237 4259 378 4310 ¹Laxarr’e
393 4260 509 4325 aarum]
531 4260 599 4313 Hae
619 4259 731 4328 probant
802 4255 1296 4323 ‘Priulgaae1Julle,SeriboniaetAu·
