3022 5026
676 355 833 407 Juntctn
926 362 929 367 '

499 625 728 711 annnam
753 626 1015 696 sonoruus.

529 763 635 829 Jusio
651 764 768 848 Lipslo
785 759 816 827 td
828 761 971 850 πράττειν.

246 966 395 1032 Salutem
420 988 441 1033 a
462 988 515 1032 me
539 968 682 1046 Douzae,
698 969 815 1033 ceteris
836 967 988 1046 literatis,
1005 969 1097 1053 apud
1113 988 1200 1054 quos
1223 990 1297 1036 nos·

204 1077 287 1137 trum
303 1074 336 1137 in
348 1070 519 1136 Victorem
531 1070 704 1136 Aurelium
719 1078 872 1136 conatum
888 1077 924 1135 ut
938 1072 1059 1137 tuearis
1073 1092 1095 1135 a
1110 1075 1296 1151 calumniis,

204 1174 305 1239 etiam
321 1181 422 1256 atque
437 1175 538 1238 etiarn
559 1193 619 1237 oro
635 1175 866 1257 obtestorque:
889 1193 988 1258 quem
1005 1176 1120 1239 foetnm
1138 1183 1297 1261 tauquam

202 1276 389 1341 abortivum
404 1296 463 1340 cnr
478 1276 672 1353 festinarim,
683 1275 788 1358 justas
804 1295 914 1340 caussa
931 1283 1018 1355 sunt,
1031 1297 1116 1360 quas
1132 1284 1166 1342 tu
1181 1299 1295 1361 spero,

202 1379 383 1464 probabis3
406 1377 447 1442 de
461 1378 605 1442 Metello
620 1379 707 1444 enim
731 1385 809 1442 nota
823 1399 878 1443 res
892 1379 966 1456 tibi,
983 1387 1016 1444 et
1030 1379 1193 1464 (lujacius
1209 1402 1296 1465 prae-

73 1562 76 1573 Ι
202 1501 292 1558 sens,
318 1481 372 1546 cni
399 1500 517 1562 negare
543 1478 625 1545 nibil
650 1499 711 1544 uec
735 1499 888 1563 possum,
914 1501 975 1546 nec
999 1481 1116 1559 debeo,
1137 1503 1159 1546 a
1182 1503 1235 1546 me
1260 1490 1297 1559 nt

202 1577 442 1647 transcribendi
468 1587 670 1666 potestatem
692 1581 849 1659 facerem,
876 1588 1086 1648 extorserat:
1113 1582 1198 1648 nudo
1224 1584 1294 1670 pla-

202 1687 327 1768 giarios
349 1685 555 1750 metuebam:
578 1689 612 1747 et
627 1688 713 1747 certe
735 1683 873 1766 publice
896 1685 1030 1750 interest
1052 1691 1119 1749 tam
1135 1693 1295 1769 praestau·

203 1794 271 1851 tem
294 1795 461 1852 auctorem
488 1806 552 1850 nou
576 1787 701 1850 diutius
725 1786 838 1851 latore.
881 1787 1057 1852 Plautinus
1079 1794 1116 1851 ut
1139 1808 1237 1871 sporo
1263 1792 1297 1856 iu

203 1889 299 1955 Maio
316 1891 504 1955 absolutum
519 1889 623 1954 dabit.
667 1889 754 1954 Vale
776 1896 812 1954 et
833 1910 895 1954 nos
914 1910 1001 1956 ama.
1045 1890 1187 1957 Lutetiae
1203 1891 1297 1957 Pari·

204 1993 284 2082 sior.
299 2012 331 2056 a.
345 1992 377 2057 d.
395 2010 453 2056 ιιι.
470 1992 561 2057 Non.
576 1990 685 2075 April.
700 1994 777 2062 anni
794 2009 1041 2059 crotonxxrx.

594 2209 906 2220 Ἥ

623 2403 874 2469 BARTHIUS

487 2542 629 2607 Adaeus.
647 2541 706 2606 lib.
723 2557 865 2605 xuvnr.
888 2559 964 2626 cap.
980 2541 1014 2611 6.

248 2713 373 2778 Sextus
395 2712 530 2796 Victor,
555 2715 610 2781 cui
632 2715 786 2798 scriptori
812 2716 902 2779 bona
932 2712 1022 2800 apud
1054 2713 1187 2797 priscos
1217 2731 1293 2776 auc·

203 2817 331 2882 toritas.

589 2954 663 3019 Lib.
681 2972 755 3019 nrv.
771 2974 848 3038 cap.
864 2953 919 3018 13.

245 3071 299 3137 Ex
314 3071 429 3138 eodem
444 3071 608 3155 scriptore
623 3073 786 3158 prudente
802 3079 835 3136 et
854 3072 1102 3157 optimo'multa
1116 3072 1200 3136 disci
1217 3088 1294 3155 pos·

203 3183 293 3244 sunt.

325 3311 448 3377 Wasse
463 3312 507 3376 ad
524 3311 716 3378 Sallustium
730 3312 808 3395 lug.
824 3331 900 3396 cap.
919 3325 1027 3374 xnvr.
1041 3330 1076 3393 p.
1089 3310 1165 3374 352.

245 3431 289 3495 A.
305 3430 437 3508 Victor,
452 3433 510 3514 qui
526 3432 721 3497 Sallustium
734 3433 800 3495 sere
816 3432 974 3514 sequitur.

278 3543 461 3649 ¹Boeclerns
476 3585 518 3649 de
533 3585 689 3669 Compar.
706 3585 744 3648 1..
761 3585 800 3648 L.
817 3582 994 3650 Facultate
1007 3601 1082 3667 cap.
1099 3599 1123 3644 1.
1139 3581 1156 3663 ᾖ
1171 3582 1224 3645 14.

245 3704 403 3769 Aurelius
418 3703 539 3767 Victor
559 3703 593 3766 iu
612 3701 701 3767 Viris
724 3700 914 3766 Illustribus
934 3700 1026 3786 (uam
1047 3699 1200 3763 Caesares
1223 3698 1295 3781 ejus

202 3814 235 3894 et
249 3803 405 3891 Epitorne
424 3805 652 3871 diversissimo
676 3805 753 3888 styli
775 3825 894 3888 genere
916 3804 1065 3879 utuntur)
1078 3821 1143 3863 non
1159 3800 1295 3884 quidem

202 3908 351 3992 Nepotis
376 3917 412 3973 et
440 3909 599 3972 similium
625 3909 743 3992 politas
769 3909 938 3973 venustati
961 3904 1148 3987 comparari
1173 3909 1293 3986 potest,

202 4012 263 4075 sed
289 4023 341 4074 est
365 4018 476 4076 tamen
500 4010 675 4088 candidus,
697 4018 731 4074 et
754 4030 824 4093 prae
848 4009 966 4074 ceteris
989 4006 1146 4087 simplex,
1168 4006 1295 4089 quippo

203 4115 329 4196 primas
343 4116 502 4178 orationis
518 4115 701 4180 formandae
725 4114 832 4177 lineas
854 4111 1008 4176 studioso
1024 4107 1215 4171 Latinitatis
1227 4108 1293 4172 sor·

202 4235 293 4282 mare
308 4217 423 4299 possit.
