3022 5026
289 355 355 434 378
589 365 704 415 sexus
727 363 890 414 susuurr
914 363 1089 413 vreuonrs

291 535 376 593 mus,
388 512 567 599 provinciis
581 529 767 577 accessere.
808 507 925 574 ludaei
936 528 1072 593 quoqne
1083 506 1192 574 additi
1204 515 1295 575 sunt.
1329 511 1391 577 14.

291 618 362 684 Hic
383 617 593 681 monentibus
617 612 747 691 amicis,
762 617 799 677 nt
821 616 956 676 caveret
978 611 1120 676 aMetio
1140 611 1390 696 Pompusiano,

290 721 411 803 dequo
426 739 536 784 sermo
552 717 780 802 percrebuerat
794 719 1028 796 regnaturum,⁰
1042 715 1209 780 consulem
1226 715 1320 794 lecit,
1336 719 1389 783 al.

290 822 412 888 ludens
427 821 486 886 tali
506 820 641 896 cavillo,
656 817 869 899 Quandoque
892 835 1018 881 memor
1034 818 1099 880 erit
1122 817 1204 882 tanti
1219 817 1391 885 beneficii.

290 924 344 988 15.
366 923 582 988 Institutnmp
596 941 673 985 vero
693 919 853 984 uniforme
867 918 958 982 omni
974 919 1112 1003 imperio
1125 921 1241 984 tenuit.
1286 919 1389 1005 Vigi-

289 1027 360 1092 lare
374 1027 415 1091 do
430 1033 538 1104 nocto,
553 1024 768 1108 publicisque
783 1023 940 1097 actibusl
965 1023 1130 1087 absolutis
1147 1043 1245 1088 caros
1260 1023 1388 1090 admit·

291 1135 370 1206 tere,
384 1128 461 1193 dum
488 1128 650 1192 salutatur
673 1126 898 1191 calceamenta
921 1146 1055 1191 sumens
1077 1135 1112 1191 et
1134 1128 1388 1208 regiumvesti·

290 1239 372 1297 tum.
417 1230 503 1296 Post
517 1237 628 1295 autem
643 1230 798 1312 negotiis,
810 1248 1036 1312 quaecumque
1046 1227 1271 1304 advenissent,
1288 1230 1387 1295 audi-

290 1335 346 1409 tis,
363 1333 512 1399 exerceri
528 1334 729 1410 vectatione,
745 1331 867 1397 deinde
878 1334 1108 1417 requiescere:
1131 1337 1309 1415 postremo,
1324 1335 1388 1400 ubi

288 1436 440 1514 lavisset,
459 1437 647 1501 remissiore
668 1435 781 1500 animo
797 1436 988 1501 convivium
1004 1435 1156 1500 curabat.
1200 1434 1255 1499 16.
1276 1435 1388 1501 Plura

290 1537 401 1602 dicere
417 1539 564 1603 studium
589 1536 699 1621 co'e'git
721 1538 932 1621 imperatoris
957 1538 1049 1615 boni,
1068 1557 1165 1622 quem
1180 1539 1223 1604 ab
1238 1537 1386 1620 Augusti

289 1645 397 1704 morte
412 1648 491 1723 post
506 1660 610 1705 annos
627 1660 688 1705 sex
700 1647 735 1705 et
744 1641 1008 1725 quinquagintar
1024 1639 1178 1705 Romana
1189 1641 1385 1725 respublica

290 1743 473 1825 exsanguis
491 1744 625 1808 saevitia
649 1754 872 1826 tyrannorum,
888 1743 987 1828 quasi
1008 1743 1078 1807 sato
1093 1742 1249 1827 quodam,
1263 1761 1305 1806 ue
1321 1762 1384 1825 pe·

289 1842 378 1908 nitus
393 1851 512 1925 rueret,
533 1852 687 1911 assecuta
701 1853 764 1911 est.
808 1845 862 1911 17.
887 1846 1010 1930 Itaque
1031 1865 1154 1911 anuum
1179 1865 1278 1928 agens
1297 1845 1383 1911 vitae

291 1947 419 2030 absque
433 1967 500 2012 uno
515 1949 821 2033 septuagesimum·
834 1949 932 2013 seriis
944 1949 1038 2032 joca,
1055 1949 1176 2031 quibus
1191 1947 1383 2014 delectaba-

290 2053 353 2121 tur,
375 2050 580 2129 admiscens,
594 2052 729 2117 interiit.
772 2051 826 2117 18.
850 2049 988 2137 Quippe
1003 2053 1110 2135 primo
1134 2070 1211 2116 cum
1228 2050 1383 2116 crinitum

746 2215 928 2238 OOOOOMO

288 2307 360 2408 lenm
372 2343 432 2394 Alo.
444 2352 471 2397 et
481 2344 541 2395 edd.
556 2345 712 2410 Gryphianis
724 2361 767 2408 sp.
784 2346 904 2411 Arnts13
921 2348 985 2398 Mas.
1004 2361 1065 2397 vero
1076 2346 1169 2407 nostri,
1180 2351 1207 2395 et
1219 2345 1380 2398 Veronensis

290 2409 364 2474 Syrio
374 2411 412 2459 cst*
423 2410 700 2474 Polaests'sottomesest,
712 2412 879 2476 Ciliciaqueae
896 2413 998 2463 macru
1014 2417 1037 2462 et
1050 2415 1201 2473 creagae:
1216 2425 1291 2474 quam
1303 2412 1382 2460 lecti·

289 2489 363 2522 ouem
377 2476 403 2524 in
414 2476 465 2525 suis
479 2476 543 2526 Mas.
560 2478 637 2526 etism
653 2480 752 2541 reperit
769 2478 932 2528 doctissimus
948 2478 1068 2527 vinetus.
1103 2477 1273 2526 Florlaeensis
1291 2486 1380 2527 lernen

291 2539 376 2588 Yrocio
387 2546 410 2591 et
423 2543 581 2604 umagen
597 2542 687 2593 scribit
706 2559 752 2604 per
770 2545 876 2606 primam
895 2542 1029 2593 vocalem?
1046 2542 1137 2593 &tots
1172 2542 1304 2603 comagene
1317 2541 1383 2592 nto.

291 2605 449 2668 Commagene
468 2606 540 2656 Lern.
560 2611 648 2658 l.-ll
665 2609 758 2658 ‘Metto
773 2609 937 2672 Pomposissrs.
969 2608 1052 2658 Metto
1071 2608 1138 2657 solus
1154 2606 1243 2658 Goell.
1260 2607 1302 2670 qui
1319 2621 1380 2656 curn

291 2669 364 2719 Leid.
375 2675 397 2721 l.
416 2671 507 2721 scribit
518 2679 674 2734 regnaturum
687 2674 751 2734 sore.
779 2676 853 2724 Leid.
872 2680 899 2724 2.
915 2681 1054 2737 nmtsrs.
1087 2673 1187 2722 Deinde
1206 2672 1381 2735 percrebruerat

290 2734 378 2784 Guelf.
390 2745 416 2787 et
428 2737 498 2786 Leid.
509 2741 532 2786 l.
545 2754 602 2801 qrsae
614 2749 652 2787 est
666 2741 776 2788 solennis
788 2738 924 2789 conlusio!
935 2741 1089 2790 Arnus-ro
1106 2739 1214 2788 Romans
1227 2753 1264 2787 res
1274 2736 1345 2786 naid.
1357 2741 1382 2787 l.

290 2809 317 2849 et
335 2817 394 2852 mos
404 2803 474 2861 sueto
494 2817 540 2867 pro
551 2804 608 2866 suto
621 2812 742 2870 corrupte
754 2805 908 2857 Guelfi-ltl
926 2812 933 2833 ‘
948 2805 1043 2856 Vestris
1059 2805 1143 2856 ἀκοὴ.
1161 2804 1243 2854 ‘Alto
1256 2801 1380 2870 usquead

780 2991 889 3043 NOTAE

288 3111 405 3159 ‘l'rsclres
420 3112 453 3160 nb
471 3114 611 3177 asperitate
627 3115 696 3166 diets
716 3115 816 3180 τραχὺς,
852 3124 903 3179 tur,
914 3124 941 3167 rt
951 3117 1085 3167 calceabat
1097 3117 1153 3180 ipse
1165 3130 1222 3164 sese
1235 3120 1261 3163 et
1275 3112 1380 3162 amlcie·

288 3188 398 3251 τραχεῖα,
406 3204 580 3256 sepenumero.
598 3192 771 3258 Commagene
782 3194 815 3245 ad
852 3193 913 3243 bat:
932 3203 990 3256 post
1010 3192 1095 3242 decisa
1114 3204 1282 3257 quecumque
1302 3191 1381 3240 obse·

287 3265 455 3327 Euphratem.
850 3272 948 3322 uissent
971 3273 1083 3333 negotis,
1105 3271 1243 3335 gestationi
1266 3276 1293 3318 et
1318 3268 1379 3318 inde

320 3342 619 3407 'Augustoplrrstessesn]
644 3346 688 3396 Sic
715 3348 741 3396 in
768 3348 815 3398 lib.
852 3350 933 3415 quieti
945 3346 1072 3398 vacabat!

287 3418 371 3467 Notit.
394 3419 490 3482 lmper.
516 3419 813 3485 ‘Arrgrrstoplrrstensis'
863 3432 894 3467 Α
911 3424 1064 3487 Publictsqse
1076 3422 1179 3485 ortibus]
1196 3422 1380 3472 ‘Perlectise-

287 3494 392 3556 dicitur,
404 3502 431 3545 et
447 3496 651 3565 ‘Euphratesis,’
660 3510 689 3550 et
700 3501 816 3567 ‘Augin-
849 3502 958 3566 pistolis,
968 3501 1162 3564 officiorumque
1173 3502 1285 3551 omnium
1296 3502 1380 3551 bresi-

285 3573 516 3634 tsEupnrsresta!
849 3579 929 3629 ariis!
956 3579 1165 3641 Sueton.suprs.

318 3648 439 3712 absquo
455 3664 529 3698 sermo
545 3654 648 3715 peteret.
664 3655 729 3720 rep]
745 3655 813 3705 Vide
882 3657 969 3705 'Post
989 3669 1063 3704 assos
1081 3671 1125 3704 sex
1151 3660 1175 3702 et
1195 3654 1380 3718 quinquaginta]

285 3724 394 3777 Sueten.
412 3742 470 3789 cap.
482 3733 521 3777 ts.
537 3729 632 3781 ideireo
648 3746 707 3782 eum
724 3744 812 3797 postes
848 3732 874 3781 si
887 3733 1040 3797 Vespasiani
1053 3733 1191 3794 imperinm
1203 3733 1283 3782 duces
1294 3731 1378 3779 abae·

285 3801 451 3853 Domitianus
462 3804 566 3857 occidit.
848 3824 881 3860 no
894 3825 944 3873 qno
955 3810 1078 3859 Vitellios
1095 3811 1202 3871 occisus,
1221 3808 1280 3857 anui
1300 3813 1377 3855 erunt

318 3886 331 3921 Ρ
343 3879 496 3944 lsstitstsm]
505 3883 613 3933 sueton.
623 3898 647 3933 c.
658 3889 700 3935 al.
717 3886 812 3936 ‘orni-
848 3887 880 3937 sb
893 3886 1004 3949 Augusti
1016 3896 1099 3937 morte
1111 3894 1153 3936 bt.

285 3957 659 4012 nemvitaet'erebuucteunit.
677 3963 813 4027 Inprimi-
881 3973 891 3999 ⁸
915 3965 1009 4029 Absque
1030 3981 1076 4015 sso
1098 3957 1302 4028 septwm'm]
1325 3959 1377 4008 Τῑ·

285 4041 349 4096 patu
368 4043 483 4084 maturus
500 4051 615 4101 semper,
633 4053 664 4090 se
682 4040 716 4089 de
735 4050 814 4091 nerlu
849 4055 908 4091 men
919 4049 1019 4091 constat
1031 4040 1121 4089 risisse
1133 4033 1319 4097 vespesisnurn
1332 4049 1375 4086 an.

285 4111 439 4171 evigilabat:
459 4112 554 4164 deiude
577 4117 700 4179 perlectis
718 4118 815 4181 episto·
849 4122 891 4167 60.
909 4112 1235 4174 messanensem
1247 4117 1324 4159 ”⁸¹⁰⁸
1337 4114 1377 4162 ¹⁷·

284 4184 325 4240 lis.
338 4185 529 4254 officiorumque
540 4192 651 4241 omnium
668 4193 813 4261 ltrerisriis,
847 4194 989 4244 Novembr.
1002 4208 1059 4242 ann.
1076 4197 1133 4253 port
1144 4189 1173 4235 0·
1188 4187 1223 4236 N·
1235 4191 1261 4235 9·
1279 4198 1377 4238 ww·-

283 4261 379 4327 amicos
391 4265 555 4329 admittebat,
566 4281 596 4318 ac
608 4267 670 4318 dom
682 4271 810 4331 sslotsbs·
846 4286 877 4323 us
887 4272 931 4323 (lie
942 4276 985 4323 11.
1000 4271 1063 4323 los·
1074 4280 1115 4317 sa·
1128 4269 1169 4315 70.
1181 4273 1210 4315 et
1222 4264 1260 4339 its
1269 4265 1376 4316 sueton.
