3022 5026
304 374 370 442 856
607 388 719 438 snxnr
744 387 904 436 tuantur
929 386 1103 435 vrcronrs

306 536 487 621 adoptione
501 553 579 600 vero
594 534 671 599 Caii
686 532 833 599 Caesaris
847 533 984 616 majoris
1005 531 1188 609 avunculi:
1203 533 1307 598 Caius
1323 533 1401 600 (3ae-

306 658 362 704 sar
385 639 504 717 dictus,
532 637 653 702 deiude
681 638 724 702 ob
746 637 922 702 victoriam
949 636 1120 718 Angustus
1143 637 1401 720 cognominatus

306 749 366 807 est.
410 743 442 807 3.
467 741 536 806 iste
552 743 585 804 in
599 741 739 824 imperio
751 741 894 824 posituS,
908 739 1112 804 tribunitiam
1126 747 1324 823 potestatem
1342 757 1401 824 per

305 841 364 910 ees
384 845 545 909 exercuit.
589 849 622 908 4.
647 841 833 925 Regioncm
849 842 1000 927 AEgypti,
1017 843 1231 908 inundatione
1248 842 1322 907 Nili
1343 863 1400 908 ac·

305 966 406 1011 cassu
431 946 609 1023 difficilem,
630 946 822 1029 inviamque
845 944 1036 1028 paludibus,
1062 946 1096 1008 in
1119 946 1304 1028 provinciae
1334 946 1401 1009 for·

304 1069 393 1113 mam
418 1051 553 1133 redegit.
597 1050 628 1112 5.
652 1047 765 1126 Quam
785 1055 824 1111 ut
839 1066 980 1112 anuonae
1000 1046 1122 1113 Urbis⁸
1143 1048 1318 1131 copiosam
1333 1048 1402 1113 effi·

305 1155 405 1227 cerat,
421 1149 544 1227 fossas,
560 1151 692 1216 incuria
714 1151 895 1215 vetustatis
915 1149 996 1213 limo
1016 1149 1164 1228 clausas,
1179 1150 1290 1215 labore
1311 1149 1402 1214 mili·

304 1260 374 1318 tum
390 1253 560 1338 patefecit.
604 1254 636 1317 6.
660 1252 777 1336 Hujus
797 1258 944 1335 tempore
961 1271 1004 1315 cx
1022 1252 1169 1336 AEgypto
1184 1251 1267 1316 Urbi
1284 1271 1401 1317 annua

304 1355 475 1421 ducenties
498 1362 636 1421 centena
651 1351 779 1419 milliah
808 1355 959 1418 frumenti
977 1354 1211 1418 inserebantur.
1261 1356 1293 1418 7.
1325 1355 1399 1419 Isto

305 1455 513 1524 Cantabrosi
528 1468 562 1524 et
577 1454 792 1542 Aquitanos,k
808 1457 961 1534 Rbaetos,
976 1456 1186 1533 Vindelicos,
1206 1454 1401 1522 Dalmatas¹

304 1580 439 1624 numero
459 1561 700 1646 provinciarum
728 1561 856 1645 populo
883 1558 1040 1623 Romano
1064 1559 1239 1642 adjunxit:
1265 1560 1399 1624 Sueuos

759 1701 908 1721 momen
913 1703 941 1721 00

302 1800 380 1849 babet
392 1802 487 1858 Jam-
505 1809 534 1850 ut
546 1802 620 1851 Leid.
631 1805 706 1850 2.·-8
724 1800 774 1849 ‘ln
787 1798 860 1850 [aeid.
873 1804 894 1848 l.
906 1808 947 1847 eet
959 1801 1005 1850 iate
1016 1800 1107 1863 inperio
1116 1801 1223 1863 petitam
1241 1798 1309 1848 uude
1320 1797 1398 1848 facile

304 1867 380 1916 lieret
391 1867 437 1915 iate
449 1867 545 1930 imperio
555 1868 662 1930 potitur:
680 1866 727 1915 aed
746 1875 834 1928 puteat
851 1865 959 1913 delendi
980 1867 1063 1914 altera
1080 1866 1158 1916 lectio
1170 1881 1185 1913 a
1197 1866 1287 1915 Curtio
1303 1865 1401 1914 tibur.

304 1946 364 1995 cap.
378 1936 418 1980 lt).
430 1933 445 1996 q
456 1931 506 1981 tt!
523 1931 659 1982 Arata-t
675 1931 823 1993 ‘Hegionem
840 1930 952 1993 AEgppti.
979 1931 1151 1981 Perturbatus
1169 1932 1256 1990 locua;
1280 1943 1355 1994 quern
1374 1931 1398 1979 ai

304 1996 365 2045 libri
377 1997 442 2046 Mea.
453 2004 614 2059 paterentur,
631 1997 667 2045 eic
680 2010 831 2058 reponerem
843 2009 875 2043 ex
888 1996 1006 2044 suetonii
1016 2011 1076 2059 cap.
1090 1995 1217 2057 tarinae,
1233 2004 1261 2044 ut
1273 1996 1399 2056 uterique,

305 2064 478 2122 transcriptor
489 2072 543 2117 eet,
553 2061 579 2111 in
590 2061 826 2124 p'oeiuciaesormam
838 2062 967 2124 redactam,
978 2066 1005 2109 et
1014 2077 1121 2117 nnuma,
1129 2064 1170 2123 διε.
1183 2062 1223 2109 vel
1236 2061 1286 2116 illa,
1299 2061 1400 2109 luenda·

304 2127 369 2176 tione
379 2126 436 2175 Nili
445 2142 538 2176 ccccm
548 2127 666 2192 difficilem
678 2127 810 2190 latiamque
821 2125 955 2188 paludibus,
974 2129 1010 2175 tic
1027 2127 1194 2175 collocanda:
1211 2141 1280 2189 quam
1297 2127 1398 2174 inuada-

303 2192 368 2240 tt'oae
380 2191 530 2240 Niliacceaau
540 2192 660 2257 difficilem
672 2191 805 2254 inviamque
814 2189 939 2254 paludibus
954 2198 1095 2241 utaunorrae.
1128 2193 1169 2241 De
1180 2190 1293 2253 AEcypto
1305 2191 1398 2239 Roma·

303 2270 394 2304 norum
406 2257 500 2305 borceo
512 2262 591 2304 muira
602 2255 759 2318 geographi!
775 2255 869 2305 Scitott·
887 2257 997 2318 improb.
1009 2254 1150 2306 druia-6
1167 2255 1398 2313 ‘Milliosraraeeti

304 2320 339 2370 Et
351 2320 394 2369 bic
406 2321 476 2370 locut
487 2319 596 2369 olieudit
608 2321 674 2372 vitoe
683 2322 762 2369 etiam
775 2321 971 2370 erarditieeimot.
999 2322 1100 2370 Etenim
1114 2322 1214 2382 Lipriua
1230 2320 1263 2367 ad
1278 2320 1397 2368 Tacitum

305 2384 375 2435 Ann.
388 2398 428 2434 ιι.
440 2400 499 2447 cap.
511 2389 551 2434 18.
565 2387 602 2434 ita
613 2386 728 2448 supplet,
743 2386 819 2434 millio
831 2386 1063 2446 modiamsremeati.
1090 2384 1171 2434 Paulo
1182 2385 1257 2432 aliter
1268 2384 1398 2435 Gruterus

305 2451 331 2498 iu
345 2451 459 2514 margine
470 2452 507 2498 rui
519 2451 587 2507 iibri,
598 2452 673 2500 atilliu
685 2449 900 2508 monastratura,-
916 2451 949 2500 de
960 2465 1009 2514 qua
1027 2459 1111 2500 tamen
1131 2450 1324 2498 constructione
1337 2450 1397 2499 eide

295 2514 402 2580 Glaud.
413 2516 444 2565 ad
455 2515 536 2566 Hirtii
550 2516 616 2566 Bell.
632 2514 717 2566 Afric.
728 2530 787 2578 cap.
799 2519 840 2564 tu·
851 2517 866 2580 q
877 2521 901 2564 2.
913 2526 939 2565 et
948 2531 1071 2566 alimmum
1084 2514 1240 2565 Gronovium
1253 2514 1286 2563 de
1298 2515 1398 2563 Paeon.

305 2581 367 2629 Vet.
381 2580 426 2629 lib.
439 2596 457 2630 ι.
468 2597 525 2644 cap.
537 2585 561 2631 l.
595 2582 646 2631 Sed
660 2584 726 2630 talea
741 2582 900 2644 conjecturae
912 2581 959 2630 boc
971 2583 1028 2632 loce
1042 2596 1092 2630 non
1105 2581 1278 2643 requiruntur.
1312 2580 1398 2629 Aliam

304 2648 382 2695 etiam
396 2647 548 2697 medicinam
562 2648 667 2697 adhibet
682 2647 782 2710 Lipaiua
795 2647 828 2696 de
845 2646 932 2709 Magn.
946 2648 1020 2696 llotn.
1037 2662 1067 2697 ιι.
1082 2651 1122 2695 id.
1155 2646 1219 2696 Cum
1231 2644 1320 2695 credet
1333 2646 1398 2696 banc

303 2709 427 2761 frumenti
450 2714 552 2775 copiam
576 2713 652 2762 tidem
673 2715 728 2761 veri
748 2727 880 2775 superma,
899 2713 1019 2761 rescribit
1038 2715 1069 2762 nd
1087 2712 1174 2763 certia
1190 2717 1288 2761 centeno
1305 2710 1399 2760 ardu?

295 2775 444 2826 >Amin-r
460 2779 571 2827 ‘aaron
605 2777 658 2826 Alii
681 2778 797 2834 aternu
814 2777 911 2827 Pitboei
930 2778 1015 2825 codex
1033 2777 1073 2841 [et
1090 2776 1165 2838 Aru]
1183 2776 1273 2826 Rethos
1290 2776 1399 2836 acribit3

303 2842 325 2890 F
328 2843 477 2891 {uriacensis
490 2844 597 2892 Ricina:
614 2850 641 2891 et
653 2858 721 2901 mox,
735 2844 911 2905 prouinciarum
925 2858 1020 2892 numero
1037 2843 1122 2906 populo
1140 2842 1247 2891 Romane
1264 2841 1397 2902 coniunxit.

302 2906 374 2973 Lege
386 2909 539 2958 Suetonium
557 2922 615 2972 cap.
628 2907 681 2957 21!
696 2908 789 2956 Scitott.
824 2908 955 2968 Conjunxit
975 2922 1062 2957 omnen
1074 2917 1174 2972 preter
1189 2907 1300 2956 Gruner.
1333 2907 1397 2956 Mox

797 3037 906 3088 NOTAE

334 3144 345 3169 ⁸
362 3136 464 3198 Maioris
480 3138 601 3202 avunculi]
625 3137 718 3186 Melina
736 3135 829 3185 Victor
869 3136 916 3184 ciae
928 3133 1034 3183 formam
1052 3135 1192 3191 redactam,
1203 3142 1232 3184 ut
1245 3133 1396 3187 feraciorem

302 3225 381 3275 aupra
400 3214 424 3262 in
444 3213 540 3262 Caeaar.
561 3215 672 3277 ‘Magni
690 3210 829 3263 avuncuti!
869 3214 1069 3279 habilioremque
1081 3213 1396 3264 annonaeurutcnette-

302 3288 337 3338 Et
358 3303 450 3339 revera
469 3291 507 3339 aic
529 3298 586 3339 eet:
612 3290 742 3350 Arrgrutua
760 3290 828 3338 enirn
869 3300 927 3354 ιρις
954 3291 1036 3341 fociae
1064 3306 1152 3340 omnea
1179 3291 1204 3340 in
1233 3307 1296 3354 quaa
1320 3292 1396 3343 Nilne

301 3376 410 3416 matrem
429 3368 518 3416 babuit
536 3367 635 3417 Atticm
650 3367 728 3416 tiliam
739 3367 828 3420 tutta.
868 3375 1005 3424 exertum,
1016 3367 1151 3415 olriimataa
1168 3366 1244 3430 longa
1257 3375 1397 3425 vetustate.

301 3444 396 3492 aeraria
407 3442 471 3493 Julii
483 3444 602 3493 Caesarie.
625 3444 772 3494 Avunculus
784 3458 827 3492 au·
868 3445 972 3494 militari
984 3458 1062 3507 opere
1075 3441 1202 3491 detersit)

302 3526 365 3579 tem,
382 3520 470 3568 matria
486 3519 569 3569 irater
580 3521 699 3569 avunculi
714 3536 827 3569 avuncu·
900 3521 1052 3572 lucentio
1062 3525 1158 3569 centeno
1171 3521 1259 3585 millio]
1275 3522 1397 3573 ‘Modio-

302 3596 351 3655 lus,
374 3610 482 3661 magnus
505 3599 665 3657 arunculua;
692 3606 720 3647 et
741 3598 827 3661 magni
867 3599 1075 3649 orum'eciiicet.
1104 3597 1397 3662 Modiuaautempaulo

301 3675 420 3723 evrruculi
433 3675 584 3736 avrinculua,
596 3676 674 3738 major
685 3676 827 3724 nvrrneuiua
867 3681 926 3745 plue
944 3683 1060 3730 minusve
1075 3677 1195 3726 Romania
1213 3678 1304 3742 pendit
1314 3683 1353 3728 23.
1367 3678 1396 3728 li·

301 3749 444 3800 dicebatur.
478 3750 593 3800 Eundem
607 3752 828 3801 erroremerravit
868 3758 935 3807 brat.

300 3826 407 3877 Sueten.
421 3842 444 3877 c.
455 3831 480 3877 7.
899 3834 906 3868 ¹
924 3832 1066 3896 cantabros]
1085 3831 1116 3880 ln
1130 3829 1265 3893 Hispania.

335 3903 344 3937 f
359 3904 408 3954 Per
426 3904 463 3968 ae]
489 3904 623 3969 Collegam
642 3912 727 3954 tamen
747 3907 827 3955 remei
900 3907 1064 3975 &Aquitanod
1076 3903 1395 3974 AquitaniaGalliaepare;

301 3988 381 4045 atque
400 3982 493 4032 iterum
509 3983 608 4032 aumait·
640 3983 721 4048 Supra
734 3982 759 4031 in
771 3982 828 4032 Ce-
871 3989 995 4053 Gayeune.

301 4071 351 4106 ιιι.
904 4064 911 4098 ¹
937 4065 1044 4122 Rtoetee,
1075 4057 1216 4111 Vindelicos.
1248 4054 1397 4124 Dalmatae]

334 4135 470 4188 ‘Aeaeae
485 4137 570 4202 utto]
589 4138 695 4188 Aenona
712 4139 737 4188 in
749 4137 828 4188 dandi
869 4141 955 4191 libati
973 4149 998 4189 et
1009 4134 1139 4185 Vindelici
1157 4131 1233 4181 ricini
1253 4137 1343 4198 pepuli
1362 4137 1395 4186 ad

302 4225 379 4272 caau;
397 4214 422 4262 id
435 4219 502 4273 ιιι,ι
515 4216 547 4264 ad
559 4217 702 4266 annonam!
730 4217 769 4265 De
780 4216 828 4266 boc
868 4216 950 4280 Alpe·
968 4216 1080 4276 degunt:
1100 4208 1241 4273 Dalmatae,
1251 4209 1278 4261 in
1290 4211 1395 4279 Illyrico

301 4289 406 4339 baeton.
422 4302 444 4338 c.
456 4294 496 4341 te.
515 4291 672 4356 ‘AEgyptunr
684 4293 709 4342 in
722 4293 826 4357 provin·
867 4293 899 4343 ad
911 4305 980 4343 ιιιιιι
994 4285 1166 4338 Adriaticum.
