3022 5026
307 335 373 404 290
608 340 723 399 snxrr
748 346 909 397 eunucu
934 345 1109 398 vroronrs

306 494 425 561 deinde
449 494 599 559 imbutus
624 493 708 570 soro,
734 511 802 577 quo
825 512 944 576 parum
966 493 1209 572 commodante,
1231 495 1279 559 uti
1301 496 1399 561 rebus

306 600 388 663 artis
403 597 500 673 solet,
515 596 592 660 dum
607 601 721 670 tentat,
737 603 797 660 aut
813 596 960 680 exquirit
974 596 1069 661 varin
1087 596 1300 681 melioraque,
1318 620 1398 663 eon-

305 697 436 763 ecendit
463 694 648 778 imperinm.
706 694 761 759 29.
785 695 839 759 Ibi
862 696 1014 778 graviora
1038 703 1210 778 expertus,
1240 697 1398 776 laborem,

304 808 567 877 cardamatem,
583 797 761 880 etiucerta
785 816 922 880 prorsus
943 800 1065 873 omnia,
1081 798 1180 881 quasi
1201 800 1297 862 testis
1318 801 1397 867 vitae

303 902 500 978 mortalium,
514 899 654 976 Cuncta,
667 901 788 985 iuquit,
805 899 873 980 sni3
893 899 1053 965 conducit
1068 896 1174 964 nihil}i
1195 900 1250 965 30.
1273 901 1398 977 Funus,

303 1003 397 1088 quod
412 1002 520 1081 liberi,
535 1002 627 1067 Geta
648 1002 913 1085 Bassiaunsque,
930 1002 1073 1066 Romam
1095 1001 1290 1079 detulerant,
1316 1005 1397 1069 mire

301 1105 506 1172 celebratum
523 1107 719 1189 illatumque
731 1105 840 1169 Marci
855 1106 1021 1189 sepulcro,
1038 1103 1166 1190 [quem]
1181 1105 1266 1170 adeo
1280 1126 1396 1190 perco-

301 1207 436 1286 luerat,·
450 1210 523 1294 ejus
538 1210 643 1293 gratia
659 1208 879 1274 Commodum
896 1209 979 1272 iuter
992 1207 1104 1272 Divos
1119 1208 1230 1272 referri
1246 1210 1397 1283 suaserit,

300 1310 434 1376 fratrem
449 1313 624 1396 appellans
637 1331 647 1393 ;
670 1312 905 1395 Bassianoque
916 1310 1079 1374 Antonini
1091 1312 1292 1375 vocabulum
1304 1312 1395 1377 addi-

301 1411 415 1493 derat;
437 1415 523 1498 quod
539 1435 582 1479 ex
603 1411 685 1492 illo,'
695 1421 773 1498 post
784 1412 903 1477 multos
918 1413 1103 1496 dubiosque
1118 1421 1263 1490 eventus,
1280 1416 1396 1497 auspi·

301 1515 357 1581 cia
379 1516 543 1582 honorum
567 1519 722 1601 cepisset,
748 1517 937 1600 patrocinio
960 1515 1059 1580 fisci!
1101 1515 1155 1581 31.
1181 1516 1326 1581 Proinde
1348 1518 1394 1584 la·

299 1747 398 1812 Delph.
410 1747 502 1798 Plrire.
517 1748 591 1796 Ortrre
602 1747 691 1797 Medic
702 1745 794 1796 tremiti.
819 1745 968 1797 ‘Oliverior
979 1747 1115 1810 legendum
1135 1747 1243 1811 putebat
1254 1753 1320 1797 ortua
1330 1748 1394 1798 erim

299 1827 332 1864 ex
342 1813 436 1875 bamili,
444 1829 476 1862 err
490 1814 751 1875 Lampridiisereror
764 1811 826 1875 quid
837 1813 870 1874 ei,
883 1821 912 1861 nt
926 1815 948 1863 N
953 1815 1011 1863 ieci.
1021 1814 1115 1872 Faber,
1124 1820 1191 1863 ortae
1197 1813 1294 1873 seruilio
1304 1815 1396 1875 tanet,

298 1891 345 1928 ree
356 1881 443 1942 potius
454 1885 522 1928 ortes
533 1880 558 1927 irr
567 1880 616 1927 aede
627 1877 736 1927 bamilii'
749 1878 852 1927 Schott.
879 1879 988 1928 Grrrter.
1002 1879 1121 1929 tentabat
1132 1881 1208 1928 Ortus
1219 1881 1295 1928 medio
1304 1879 1396 1928 harodi.

299 1943 368 1992 Vide
380 1945 443 1994 Not.
456 1945 551 2007 Deipb.
571 1947 634 1992 Mox
645 1945 721 1992 ‘ertit
732 1958 780 2006 pro
791 1943 866 1992 eretis
876 1959 890 1992 e
901 1945 966 1993 Mre.
978 1954 1005 1994 et
1014 1945 1162 1994 melioribus
1173 1945 1235 1994 libb.
1243 1945 1298 2007 jam
1311 1945 1394 1994 edidit

300 2007 409 2058 sinoti?
427 2010 500 2066 Harl.
532 2009 594 2058 ‘Ne
606 2009 738 2071 ambigunt
749 2011 784 2057 eit
801 2023 895 2065 termo,
914 2010 1050 2072 legendum
1068 2010 1336 2074 dirtingrrendumque,
1352 2009 1394 2058 ubi

299 2073 453 2124 reinardo
463 2075 530 2134 rotet,
542 2076 607 2130 dum,
617 2077 659 2137 ise.
670 2090 710 2122 rer
722 2075 789 2123 enim
802 2081 881 2123 arcta
893 2075 917 2122 in
930 2090 1069 2138 carita,eur
1080 2075 1180 2139 quidrir
1193 2083 1302 2124 tentaret
1314 2076 1394 2125 Sere·

300 2139 363 2187 mm'
382 2139 547 2189 Gentem—³0
564 2141 601 2200 Τᾷ
611 2155 680 2201 quem
692 2148 780 2188 carent
795 2139 895 2190 Sebott.
913 2140 1008 2191 Geerb.
1026 2142 1121 2203 Delpb.
1136 2141 1226 2191 Pitirc.
1243 2143 1393 2204 teguntque,

300 2213 398 2266 preter
412 2204 506 2266 Delpir.
519 2219 576 2253 curn
588 2206 725 2260 anteriore.
735 2203 953 2268 repulercr'oder.
968 2206 1067 2263 ‘Quem
1079 2205 1147 2270 quod
1160 2221 1216 2254 voc.
1229 2205 1303 2254 abent
1316 2205 1393 2254 codd.

299 2268 411 2332 requirit
423 2277 450 2317 et
460 2283 559 2325 teuent,
576 2279 603 2318 et
616 2271 687 2318 locut
698 2270 827 2332 Spartieui
839 2280 897 2334 cap.
907 2275 948 2319 19.
963 2272 1019 2332 (ubi
1034 2285 1056 2318 v.
1068 2269 1187 2332 sermo.)
1201 2285 1276 2334 quem
1292 2271 1391 2319 Neuter

300 2334 417 2384 imitator
429 2333 488 2384 ert.¹
505 2333 577 2383 Hori.
609 2335 674 2384 Mox
685 2335 804 2385 indiderat
820 2350 867 2399 pro
878 2335 1001 2385 addiderat
1020 2335 1138 2385 tentebat
1155 2336 1316 2384 Scitote-81
1336 2336 1391 2385 Pro

791 2464 897 2516 NOTAE

331 2571 343 2597 ⁶
360 2563 435 2613 Orter
456 2563 532 2613 medie
547 2563 645 2613 turritis
662 2561 764 2626 [Media
779 2561 823 2611 iu·
863 2563 953 2626 putero
960 2562 1044 2612 Murci
1056 2560 1279 2626 Antonlui3quem
1292 2573 1325 2610 ex
1336 2575 1391 2612 om·

295 2639 358 2704 mili]
371 2639 717 2704 iireceorruptirrimaruntr
735 2640 823 2690 Nicoi.
863 2639 939 2690 nibus
959 2641 1157 2703 imperatoribur
1180 2647 1280 2688 tentem
1301 2641 1390 2704 coluit,

296 2715 388 2780 Feber,
404 2719 479 2767 Ortus
497 2719 523 2766 irr
540 2719 590 2767 oede
604 2718 695 2767 bamili.
713 2718 823 2767 Salmas.
864 2727 892 2767 ut
905 2726 932 2766 et
944 2718 1110 2768 Commodum
1129 2719 1155 2766 in
1175 2719 1254 2767 Divos
1271 2714 1389 2779 referret,

298 2795 375 2844 Ortur
392 2794 473 2844 Media
491 2795 606 2844 tumdir:
623 2795 649 2843 id
661 2801 710 2850 ert,
729 2793 823 2843 ‘ortuo
864 2802 891 2843 et
915 2793 1038 2843 Antonini
1066 2807 1157 2843 nomeu
1179 2793 1295 2842 omnibu·
1318 2792 1389 2842 deln-

295 2870 465 2920 mediorriter
485 2870 611 2920 humilio!
655 2870 823 2920 casaubonus
862 2884 933 2934 cepi.
943 2872 1016 2934 queri
1027 2869 1146 2934 Augusti,
1155 2869 1333 2920 ascribendum
1342 2885 1390 2934 pn·

299 2949 376 2997 Ortue
397 2948 469 3011 Lepti
488 2962 519 2997 ex
540 2948 622 2997 bamili
642 2953 718 3010 patre.
752 2948 822 2998 Ante
863 2946 953 2996 taret.'

295 3037 384 3073 rocem
401 3024 489 3087 primo,
511 3025 633 3073 omirerrt
656 3024 775 3073 libr-erint
794 3024 822 3073 ri
895 3022 1025 3088 ‘ExilloJ
1044 3022 1184 3073 Antonino.
1280 3064 1286 3077 .

293 3102 406 3165 eresbur
418 3110 458 3152 ert
467 3107 553 3165 putre:
572 3103 597 3153 in
609 3117 671 3152 voce
683 3105 822 3167 corruptio·
894 3107 907 3144 ⁸
923 3101 1037 3163 Aurpicio
1056 3102 1168 3149 Mamm
1181 3101 1288 3164 reprimet,
1307 3105 1388 3163 pem·

294 3179 359 3228 elma
372 3179 469 3241 Medic,
479 3176 653 3228 exLieetum
663 3178 701 3236 M,
715 3188 742 3229 et
755 3195 822 3245 exp
861 3177 924 3227 ciam
938 3177 1008 3241 fleri]
1034 3177 1207 3227 Petrocioium
1229 3177 1293 3239 tirei,
1310 3176 1388 3226 bono·

218 3263 223 3281 “
294 3256 407 3316 inrerro,
419 3256 445 3305 d.
863 3268 917 3302 rum
928 3256 1069 3317 aorpieium
1082 3262 1173 3315 vocet;
1185 3255 1246 3318 quie
1258 3255 1280 3302 ir
1292 3255 1388 3317 primur

326 3331 338 3365 θ
358 3332 621 3396 Curctn‚irrqrrit‚srri,·
632 3332 822 3397 conducitniltil]
861 3329 1002 3380 officiorum
1026 3339 1053 3380 et
1073 3331 1196 3380 bonorum
1217 3330 1312 3395 gradui
1330 3328 1388 3381 tuit.

295 3408 427 3472 spartian.
445 3407 550 3472 ‘Hujus
571 3408 670 3457 dietum
691 3416 741 3472 ert,
764 3423 823 3459 cnm
862 3409 993 3472 spartium
1013 3410 1038 3457 in
1056 3407 1136 3471 Geta,
1151 3409 1176 3456 iu
1194 3409 1242 3456 bac
1261 3409 1384 3458 historie:

293 3499 352 3534 eum
369 3499 403 3533 ex
420 3485 508 3534 humili
525 3498 573 3549 per
591 3485 724 3533 literarum
737 3494 764 3535 et
776 3489 822 3536 mi·
861 3486 981 3535 ‘Dicunt
1000 3486 1077 3550 aliqui
1096 3501 1147 3535 non
1165 3488 1191 3534 in
1207 3486 1290 3534 Merui
1309 3486 1388 3533 bono·

292 3562 358 3612 litia
380 3559 465 3611 officia
488 3561 521 3610 ad
544 3561 677 3626 imperium
703 3562 821 3626 plurimi·
861 3577 915 3612 rem
936 3569 1035 3613 tantum
1054 3561 1179 3613 Antonini
1199 3563 1295 3612 norint
1316 3561 1387 3609 dela·

202 3656 206 3663 ·
293 3639 415 3703 ‘redibat
438 3638 541 3686 tortnne
563 3638 697 3687 duxirret:
715 3637 819 3703 Omnia,
860 3648 923 3696 tum,
942 3654 1000 3690 cnm
1016 3641 1042 3689 id
1055 3641 1161 3690 Merene
1177 3639 1325 3700 adoptivum
1341 3635 1385 3683 bu·

293 3717 387 3780 lnquit,
401 3713 448 3776 t'ui,
466 3724 492 3764 et
503 3715 565 3764 nihii
576 3713 703 3778 expedit?
736 3716 769 3765 Et
780 3716 818 3765 hie
857 3718 962 3777 buerit;
979 3717 1025 3767 red
1037 3718 1063 3766 in
1076 3719 1140 3781 ejur,
1155 3717 1198 3781 qui
1215 3715 1279 3765 Piur
1288 3724 1383 3773 coguo-

293 3794 378 3843 verbir
400 3794 522 3854 Seuerou,
541 3806 709 3859 quecumque
727 3793 760 3842 de
777 3808 818 3842 re·
857 3793 969 3842 minetur
991 3801 1042 3855 eet,
1066 3792 1173 3843 Adriani
1201 3790 1300 3839 reilieet
1326 3800 1384 3835 oue·

292 3884 348 3920 rum
370 3872 537 3925 humanarum
559 3873 673 3921 vanitate
696 3871 817 3921 Salomon
857 3871 984 3920 certurio:
1008 3881 1036 3922 et
1057 3871 1159 3936 quidem
1182 3867 1216 3918 ob
1237 3867 1295 3924 boe,
1314 3863 1383 3928 quod

292 3948 406 4009 scripsit,
431 3948 456 3996 in
484 3947 571 3996 divino
598 3948 642 3997 illo
664 3947 751 3996 libello
774 3947 817 4011 qni
858 3948 982 3997 Severum
1000 3948 1045 3997 ilie
1064 3947 1096 3995 ed
1113 3944 1169 3994 tirci
1187 3941 1382 3991 advocetiouem

292 4023 465 4073 Ecclesiaster
493 4025 650 4088 inscribitur,
685 4025 817 4089 amplexui
858 4025 993 4088 detegeret
1026 4039 1059 4074 ex
1094 4018 1243 4070 domnoiorio
1278 4016 1386 4080 sorensi,

294 4109 344 4147 ⁸⁸¹·
858 4117 916 4151 eum
939 4103 970 4150 ed
996 4108 1079 4150 tentor
1102 4108 1235 4158 processui
1257 4095 1280 4142 ei
1308 4104 1383 4156 petu-

324 4181 336 4207 θ
352 4177 417 4224 Adeo
426 4179 581 4242 percoluerat]
599 4181 667 4244 laege
677 4181 752 4236 Queri
761 4181 818 4231 odeo
857 4180 918 4229 ieret
930 4179 986 4228 deti
1000 4178 1033 4227 ab
1050 4174 1180 4223 Antonino
1191 4171 1267 4235 primi
1280 4173 1382 4236 gradun,

291 4254 443 4314 percoluerat.
467 4254 507 4303 Ex
519 4256 649 4319 spartian.
661 4260 668 4286 ¹
679 4256 769 4307 litetur
780 4272 818 4308 re·
858 4258 898 4306 rel
909 4255 1013 4306 bonorir
1028 4249 1186 4315 tornielum.‘
1219 4248 1381 4301 Advocatum
