3022 5026
400 350 450 398 na
473 348 596 398 suxro
620 347 793 399 suasuro
818 346 995 396 vicanus.
1201 328 1245 397 ιθ

144 494 275 561 -Jnstus
289 491 431 576 Lipsius
444 500 568 559 noster.
613 489 680 571 Qui
695 492 888 556 Suetonium
911 501 1041 574 patrem
1055 491 1242 575 legitimum

151 594 313 661 affirmare
331 615 396 660 non
412 596 575 672 dubitant,
590 614 644 660 nra
659 596 707 660 illi
731 594 840 676 iniqui
860 594 1059 662 familiarum
1081 615 1241 663 censores

152 706 240 778 sunt,
256 700 348 782 digni
363 699 487 783 quibus
507 698 696 781 ignominia
718 717 825 765 causa
844 717 912 763 non
935 716 1040 781 equus
1064 698 1242 778 adimatur,

149 802 211 866 sed
236 823 257 868 a
281 800 468 867 Catonibus
495 819 637 866 censura
659 801 736 884 ipsa
751 802 935 883 abrogetur.
978 796 1080 878 Quod
1094 803 1178 866 enim
1198 803 1240 868 D.

149 905 393 990 Hieronymum
408 906 441 968 in
457 925 499 970 eo
515 905 599 968 libro
615 894 713 987 quem
731 910 765 970 et
788 904 863 988 ipse
882 903 924 966 de
948 902 1043 967 Viris
1058 903 1241 971 illustribus

149 1010 364 1092 conscripsit,
386 1015 553 1072 auctorem
575 1007 724 1083 landant,
747 1007 856 1071 dicam
880 1006 994 1084 libere,
1017 1027 1096 1072 vere
1120 1016 1241 1087 tamen,

149 1119 278 1175 errant:
311 1131 373 1175 nec
398 1131 534 1176 sensum
558 1110 801 1195 adsequuntur:
828 1111 929 1175 verba
951 1111 1029 1194 ipsa
1054 1131 1240 1195 apponam:

148 1220 159 1250 ‘
174 1214 343 1290 Hortaris,
360 1215 500 1291 Dexter,
514 1222 552 1278 nt
575 1214 803 1298 Tranquillum
827 1232 970 1297 sequens
986 1213 1240 1279 ecclesiasticos

148 1319 329 1401 scriptores
350 1319 384 1382 in
400 1318 550 1382 ordinem
572 1318 742 1401 digamm3
764 1324 798 1381 et
818 1317 909 1402 quod
925 1318 982 1382 ille
996 1319 1031 1381 iu
1046 1337 1240 1383 enumeran-

149 1419 202 1484 dis
227 1421 410 1486 Gentilium
436 1421 603 1486 literarum
625 1423 706 1486 viris
732 1421 813 1485 iecit
834 1421 1033 1498 illustribus,
1055 1421 1088 1485 id
1119 1442 1182 1504 ego
1206 1425 1240 1488 in

148 1525 272 1589 uostris
286 1523 429 1590 faciam!
473 1523 608 1602 Quibus
621 1525 719 1608 ipsis,
735 1527 793 1607 qni
813 1524 886 1589 boec
903 1525 1075 1607 objiciunt,
1091 1527 1194 1590 refelli
1207 1533 1240 1592 et

147 1633 306 1711 tanquam
322 1647 385 1693 suo
401 1629 511 1711 gladio
523 1627 672 1703 confodi,
687 1628 763 1710 quis
778 1627 826 1691 ita
840 1646 953 1692 caecns
969 1635 1039 1705 est,
1049 1635 1086 1691 nt
1106 1648 1175 1693 non
1192 1630 1239 1693 ri·

147 1729 251 1794 deat'l
274 1730 429 1795 Illustres
443 1731 529 1794 euim
545 1731 703 1794 Suetonii
724 1728 982 1805 Grammaticos,
998 1731 1057 1813 qni
1073 1731 1241 1816 hodieque

146 1832 181 1896 in
204 1833 359 1897 manibus
386 1839 475 1907 sunt,
496 1832 660 1914 intelligit.
705 1830 781 1896 Nou
805 1832 935 1896 inticior
956 1840 1065 1897 tamen
1090 1834 1241 1901 Stemma

146 1933 328 2000 illustrium
343 1934 499 2001 Virorum
516 1935 739 2000 Romanorum
752 1936 929 2018 scripsisse
943 1935 1188 2019 Tranquillum,
1202 1945 1240 2004 ut

145 2058 190 2102 ex
206 2038 323 2104 Suidae
338 2038 547 2105 collectaneis
562 2043 723 2122 apparet:
745 2045 781 2102 et
795 2038 838 2102 de
855 2037 1013 2103 Ventidio
1028 2039 1140 2104 Basso
1154 2040 1237 2108 Sne·

127 2187 132 2192 -
145 2144 273 2206 torrium
286 2143 467 2226 scripsisse
480 2141 632 2224 Agallins
645 2147 762 2205 auctor
776 2148 838 2206 est.

189 2243 257 2324 Qui
271 2245 427 2311 Cornelio
446 2246 569 2328 Nepoti
590 2246 774 2309 attribuunt
794 2244 949 2328 plures,
939 2245 1031 2328 rique
1046 2247 1235 2333 doctiores,

145 2348 203 2413 sed
220 2368 336 2413 vereor
351 2369 393 2414 ne
412 2349 580 2424 fallantur,
604 2347 694 2431 quod
719 2348 808 2412 bona
829 2367 940 2412 eornm
964 2349 1060 2413 venia
1082 2351 1235 2421 dixerim.
1347 2347 1349 2352 ’

146 2451 212 2516 Sed
227 2470 288 2534 age
306 2452 453 2515 rationes
474 2451 717 2535 dispiciamus:
740 2448 916 2532 Inprimis
938 2450 1064 2518 Catulli
1085 2454 1143 2520 illo
1163 2477 1234 2522 car·

144 2552 230 2623 mine
244 2562 402 2637 puguant,
416 2573 486 2638 quo
502 2553 657 2618 Cornelio
669 2552 797 2636 Nepoti
807 2551 994 2619 Veronensi
1003 2555 1125 2640 poiirna
1136 2579 1234 2629 snum

144 2654 289 2730 dedicat,
312 2663 432 2741 utpote
456 2656 523 2721 ciri
547 2675 609 2720 suo
630 2662 664 2719 et
685 2655 860 2739 municipi,
880 2656 946 2734 rel,
963 2664 1002 2721 ut
1022 2676 1099 2723 cum
1122 2660 1233 2728 Plinio

143 2755 263 2842 majori
277 2768 446 2823 castrense
460 2759 659 2823 vocabulum
673 2778 843 2842 usurpem,
861 2767 1096 2831 conoenaueo:

274 2861 367 2940 Quoi
382 2861 646 2944 donolepidnm,
659 2880 782 2925 norum
798 2861 959 2941 libellum,

268 2962 376 3032 Arida
389 2964 489 3029 modo
503 2965 638 3048 pumice
652 2964 865 3049 expolitnm'l
881 2992 883 2998 2

146 3095 148 3097 ·
271 3066 414 3146 Corneli,
430 3070 512 3134 tibir
534 3088 679 3151 namque
691 3077 730 3133 tn
746 3068 882 3134 solebas

270 3171 601 3255 Mensessealiqnid
618 3181 870 3255 putarenugas,
991 3199 994 3205 Δ
1095 3211 1096 3217 1

268 3275 292 3339 J
295 3295 348 3339 arn
365 3285 446 3353 tnm,
461 3295 538 3340 cum
555 3294 659 3339 ansus
673 3295 712 3338 es
726 3292 813 3337 nnus
827 3273 989 3338 Italorum

270 3376 380 3442 Omne
390 3369 501 3443 aevum
515 3378 622 3441 tribus
634 3375 806 3460 explicare
821 3375 955 3456 chartis,

167 3500 171 3510 ·
270 3481 407 3557 Doctis,
419 3480 565 3564 Jupiter,
579 3479 817 3544 etlaboriosis.

185 3592 308 3658 Fateor
323 3591 478 3675 equidem
492 3590 534 3655 de
549 3591 629 3656 viris
643 3586 832 3654 illustribus
852 3592 1027 3676 scripsisse
1042 3593 1231 3679 Nepotem:

139 3702 269 3762 namet
290 3693 455 3777 Agellins,
479 3714 596 3777 magna
618 3696 819 3779 scriptorum
843 3685 992 3774 laverna,
1007 3697 1066 3761 lib.
1083 3714 1139 3762 xr.
1154 3689 1231 3785 cap.

139 3800 350 3882 &integrum
376 3797 453 3862 iude
474 3808 579 3882 caput
594 3800 820 3884 transcripsit:
842 3808 883 3864 et
896 3799 1034 3866 Flavius
1059 3801 1232 3887 Sosipater

62 3896 64 3900 ’
139 3903 221 3968 libb.
239 3918 305 3968 xv.
320 3910 356 3968 et
371 3917 456 3967 xvr.
478 3903 623 3967 virorum
637 3904 814 3968 illustrium
827 3905 932 3969 citat:
955 3905 1080 3989 aliique
1095 3925 1182 3988 qnos
1196 3910 1230 3974 in

16 4075 22 4089 ,
138 4024 182 4072 eo
203 4006 339 4071 libroin
362 4024 459 4090 quem
482 4005 628 4070 Cornelii
650 4005 796 4090 Nepotis
818 4007 971 4072 librorum
993 4011 1151 4087 omnium,
1171 4015 1230 4097 qni

64 4143 69 4153 ·
138 4109 378 4186 desiderantur,
394 4109 577 4191 fragmenta
591 4109 852 4201 conjecimuset
870 4108 973 4174 Corn.
990 4110 1127 4179 Valerio
1141 4136 1229 4201 pree·

139 4213 268 4297 captori
290 4230 394 4296 nuper
413 4211 613 4292 dicavimus,
630 4232 801 4281 recenseo.
848 4213 950 4282 Nune
963 4219 994 4283 si
1011 4221 1085 4303 quis
1099 4222 1226 4302 inierat,
