3022 5026
438 438 440 443 ¹
524 378 573 426 nn
597 375 813 427 onsarraus
843 379 925 426 oar.
947 380 982 426 rr.
1234 364 1301 429 24⁹

208 524 288 591 doto
299 522 391 602 data,
405 523 538 586 cunctis
554 522 637 587 festa
653 541 745 587 mora
760 523 1021 603 celebrantibus,
1029 524 1065 586 in
1076 543 1210 589 manum
1221 545 1299 591 con·

211 631 367 706 reniret,¹²
387 627 497 690 lectoq
519 645 563 690 ax
590 626 743 691 omnibus
766 627 983 709 prodigiosis.
1026 627 1059 691 6.
1089 626 1190 707 Quod
1218 649 1300 694 sana

207 733 243 795 in
266 752 319 809 eo,
343 735 532 816 [narrantur
562 731 686 794 scelera
715 727 892 810 Neronis¹]
921 730 1029 794 levius
1060 730 1298 797 aaadmandnm.

208 834 242 898 7.
265 832 402 918 Quippe
416 833 595 898 noxiorum
608 832 733 897 vinctis
749 832 876 910 mod0‚⁸
891 831 977 917 pelle
992 840 1100 898 taetus
1114 831 1204 909 serae,
1219 837 1300 898 utri·

208 955 276 1021 qne
300 939 409 1014 sexui,
436 936 592 1018 genitalia
619 935 716 1000 vultu
741 935 1300 1018 contrectabat301aotorparinm

208 1037 336 1122 majore
350 1037 503 1122 flagitio}
544 1037 577 1103 8.
598 1034 714 1122 Atque
733 1038 815 1102 inter
827 1038 900 1118 baec
915 1047 1052 1104 matrem
1067 1038 1170 1101 etiam
1186 1045 1299 1103 conta·

207 1142 391 1207 minorissa
406 1141 667 1225 plureslrabent3
678 1140 758 1205 dnm
768 1140 1146 1227 eaquoqnedominandi
1160 1141 1302 1219 ardore,u

210 1245 340 1310 seelera
355 1245 506 1330 quolibet
520 1245 643 1330 subjici
658 1244 760 1309 lilium
776 1245 878 1327 cupit.
920 1245 954 1309 9.
967 1244 1010 1309 Id
1025 1263 1098 1327 ego,
1111 1263 1300 1328 quanquam

208 1348 427 1431 scriptoribus
442 1347 577 1412 diversa
592 1346 809 1422 firmantibus,
824 1365 936 1410 verum
953 1355 1044 1430 puto.
1072 1349 1126 1411 10.
1142 1346 1300 1431 Namque

207 1449 267 1514 ubi
288 1456 429 1516 mentem
453 1449 637 1514 invaserint
651 1448 745 1525 vitia,
767 1467 982 1533 nequaquam
1004 1448 1217 1514 verecundie
1242 1470 1300 1514 ex·

207 1555 334 1619 ternis¹
370 1551 530 1618 societate
557 1551 732 1617 humanius
761 1549 858 1615 datur
887 1550 1050 1634 peccandi
1081 1552 1300 1631 consuetudo,

662 1697 844 1721 Omfflnu

207 1798 258 1834 nou
276 1783 442 1834 occearano?
466 1783 559 1835 Solott.
593 1784 666 1833 Facto
685 1798 756 1834 ruore.
795 1780 870 1846 Couj.
887 1780 1007 1846 sytburg.
1029 1781 1194 1842 miiaserto
1211 1783 1302 1835 rotari

206 1865 271 1900 ruore
281 1849 509 1899 remoratione-ti
524 1848 689 1907 ‘Nurraetau
699 1851 739 1911 isc.
774 1846 920 1913 Aliquando
939 1848 978 1896 alc
996 1853 1165 1903 tentaveram,
1185 1856 1214 1896 ut
1232 1862 1301 1898 cont·

207 1914 304 1978 pendia
318 1915 481 1976 prodigiosius.
501 1915 525 1963 id
546 1922 587 1964 est
600 1912 814 1977 prodigioriaaioro,
832 1912 888 1961 acii.
904 1911 1000 1962 liberto
1011 1912 1135 1976 acriptnm
1147 1911 1241 1963 fuerit:
1260 1913 1302 1964 rel

207 1980 261 2029 alc:
278 1979 345 2028 tertia
355 1993 386 2028 ea
395 1979 502 2028 omnious
518 1978 671 2043 prodigiosis.
685 1983 742 2042 quot
752 1993 807 2028 auae
818 1978 845 2026 ia
856 1992 882 2027 eo
892 1983 1021 2027 mnuatar
1035 1979 1132 2039 acelero,
1143 1979 1219 2028 leniae
1235 1979 1302 2027 reati·

206 2045 331 2094 arrruduat:
344 2051 371 2093 nt
381 2042 411 2092 ri
419 2044 524 2093 Neronis
534 2043 661 2093 duntaxat
669 2050 842 2106 expungatur,
852 2052 878 2092 et
890 2048 947 2106 quot
958 2043 1100 2105 scribatur3
1111 2042 1205 2093 deinde
1216 2044 1302 2106 perio·

208 2109 256 2158 dua
268 2109 370 2159 inchoet
385 2125 400 2157 a
417 2108 491 2158 tectio
521 2109 573 2159 Sed
594 2110 657 2158 illud
678 2108 743 2158 haut
761 2107 840 2158 dubie
859 2116 958 2158 rectum
978 2107 1038 2158 eat?
1053 2107 1146 2158 Sclott.
1177 2107 1302 2158 ‘Inclusa

202 2173 315 2225 Schotto
326 2174 447 2224 ridentur
467 2188 515 2237 per
530 2176 655 2237 gloaaeura
672 2187 728 2222 care
747 2174 857 2233 intrata,
866 2172 912 2224 aed
924 2173 976 2236 legi
989 2174 1067 2224 etlam
1078 2181 1176 2238 poaaet.
1190 2174 1254 2222 inter
1263 2189 1301 2235 er,

204 2255 258 2303 φιτ
274 2244 404 2289 armonio·
412 2239 500 2289 aceloru
511 2237 631 2289 Neronia?
641 2237 763 2303 Sylbnrg.
794 2241 803 2267 ⁸
816 2237 866 2287 Vel
878 2238 968 2288 minori
980 2238 1167 2300 mutatione,ia
1176 2238 1220 2296 ria,
1232 2253 1301 2302 qaae

205 2310 318 2354 atcerte
330 2305 388 2354 talia
399 2303 549 2353 emendatio
560 2303 664 2354 videtur
675 2304 760 2352 aenaui
772 2302 1006 2353 accommodatior!
1022 2303 1155 2353 Arata-l
1172 2306 1180 2331 ⁴
1193 2303 1301 2353 Auricua

205 2370 308 2436 qnidam
326 2385 397 2421 meua
416 2371 453 2419 ric
472 2369 690 2434 interpungebatr
713 2369 839 2418 maiorum
849 2369 945 2425 oiactiu
962 2369 1112 2429 nodosae,
1128 2369 1189 2432 pelte
1207 2374 1303 2419 tectura:

206 2448 258 2484 non
270 2435 404 2499 improb03
422 2433 468 2485 red
481 2435 542 2485 illud
555 2436 637 2497 magio
647 2433 680 2483 ad
692 2435 757 2484 editi
771 2433 895 2484 breviarii
905 2447 1019 2491 aeneum,
1030 2441 1057 2483 et
1075 2434 1201 2488 Suetonii,
1212 2434 1256 2499 qui
1268 2433 1300 2483 ad

206 2501 321 2564 atipiteru
333 2501 469 2563 deligatur,
479 2515 530 2550 uon
543 2509 628 2550 tamen
641 2507 728 2550 aonteo
738 2498 817 2548 solare
829 2501 874 2550 alt.
899 2498 969 2552 Qnid
981 2498 1002 2547 ai
1014 2499 1081 2548 modo
1092 2501 1156 2548 watra
1167 2500 1301 2562 acripaarit

204 2565 308 2624 Victor,
320 2567 388 2631 quod
401 2576 492 2630 purten
503 2583 518 2615 a
531 2565 637 2616 librario
648 2566 768 2615 ominium
785 2565 835 2613 alti
866 2564 910 2614 Sic
929 2563 997 2613 enirn
1011 2563 1172 2628 Tranquillet
1190 2577 1249 2627 cap.
1259 2568 1300 2614 w.

204 2632 299 2695 ‘quari
317 2646 397 2693 genua
416 2632 486 2680 luant
501 2633 672 2696 excogitaret,
688 2637 816 2694 quatenua
831 2627 895 2677 ferar
912 2629 981 2703 palla
992 2635 1127 2678 contectus
1138 2628 1301 2679 emitteretur

206 2695 330 2745 ecavea?
363 2695 494 2744 Suatineo.
526 2695 590 2744 Mox
602 2700 708 2745 mentor
716 2693 816 2744 moriam
828 2692 982 2754 conjiciebat
993 2692 1091 2741 Petrus
1101 2693 1245 2743 Pantinna:
1262 2695 1301 2743 ni·

204 2759 243 2810 lril
255 2767 340 2810 tamen
351 2759 442 2811 anuto!
458 2758 551 2809 Saluti.
583 2760 652 2808 Vide
663 2760 727 2810 Not.
743 2757 838 2821 Delph.
850 2772 908 2820 qua
924 2758 961 2807 ita
975 2757 1002 2806 in
1018 2765 1168 2810 contextum
1180 2757 1300 2810 admialt:

701 2886 808 2938 NOTAE

237 2987 251 3022 t
267 2979 297 3029 lu
314 2992 408 3028 maai
423 2976 569 3040 muniret]
586 2976 617 3027 In
629 2992 733 3027 manum
772 2976 852 3026 Paria
864 2974 1200 3041 dagladiatoribnapropria
1211 2976 1301 3028 dicun·

204 3057 248 3106 rel
268 3057 294 3107 iu
311 3054 501 3105 matrimonium
516 3055 662 3112 conrenire,
673 3069 732 3119 pro·
771 3059 825 3104 tur.
851 3052 905 3103 Sed
932 3052 1059 3117 quomodo
1080 3055 1156 3116 paria
1177 3053 1302 3117 exigebat

206 3135 263 3200 prie
275 3134 369 3184 dicitur
377 3133 535 3199 mulierque
545 3133 627 3183 nubit.
645 3133 733 3186 Quare
774 3130 847 3180 Naro
861 3129 957 3194 majora
968 3127 1084 3194 flagitio?
1111 3129 1217 3195 Aliquid
1229 3132 1302 3186 latet.

205 3210 248 3262 lric
264 3210 361 3276 optima
379 3215 470 3259 auctor
486 3208 519 3259 de
538 3209 643 3259 Narone
660 3222 732 3260 naur-
773 3204 997 3255 Diviuabuntalii.

206 3288 288 3353 parit.
804 3288 816 3314 ¹·
833 3282 900 3331 Dara
913 3296 942 3331 eo
958 3297 1047 3346 qaoque
1056 3281 1194 3332 dorduaudi
1202 3284 1300 3350 odore]

238 3360 351 3424 idedu]
377 3361 507 3413 ‘Electa'
528 3361 607 3413 Hunc
630 3362 733 3425 ‘Dory·
772 3358 841 3409 Vide
861 3359 949 3410 Tacit.
971 3358 1065 3409 Annal.
1084 3372 1143 3410 arv.
1160 3361 1187 3411 in
1205 3362 1301 3424 princi·

203 3437 329 3503 phorum’
341 3445 417 3487 vocat
424 3437 531 3487 Sueton.
540 3451 598 3503 cap.
606 3442 647 3489 28.
662 3438 732 3502 ‘1³5-
773 3436 826 3502 pio.

206 3512 556 3579 thagoram'Taclt.Annal.
569 3528 616 3564 xv.
805 3518 819 3546 ¹
835 3513 988 3578 Nequaquam
1009 3513 1157 3563 emunata
1182 3511 1301 3576 menia]

239 3592 405 3640 rNurroutrrr
422 3591 511 3640 aretem
533 3589 649 3653 Neronia]
666 3590 732 3642 Hae
773 3589 858 3640 Locm
876 3591 1100 3653 corruptiorinrnaa
1118 3590 1216 3639 etdum
1227 3592 1301 3642 meli·

142 3651 147 3664 ⁸
206 3673 278 3718 certe
285 3666 345 3716 lriuc
354 3664 498 3729 ejicienda:
511 3665 670 3731 quippequa
678 3673 731 3716 atu·
772 3664 987 3724 eruderantur,
1007 3667 1094 3728 placet
1112 3666 1222 3717 Olirarii
1238 3680 1300 3717 con·

202 3744 292 3796 dioaua
312 3743 402 3808 aliquia
425 3742 458 3792 ad
480 3755 550 3792 oratu
571 3743 612 3793 aul
635 3743 731 3795 codicia
768 3742 885 3807 jactura,
899 3742 943 3807 qui
960 3741 1024 3806 legit
1037 3741 1302 3794 Uttaerremtrom-

205 3821 372 3885 areripaerat.
771 3820 823 3869 riot
839 3820 901 3870 uitia
915 3832 1022 3883 aaran,
1036 3820 1185 3869 vormatia
1194 3824 1301 3871 mm

238 3895 581 3960 ·Noatorarortrru'aorooo]
602 3897 732 3962 'l'ranrpu-
771 3895 884 3945 totietate
894 3894 1020 3943 iarrauaiaa
1036 3895 1109 3944 datar
1124 3896 1300 3958 prandim-

207 3976 268 4034 alta,
282 3990 331 4040 pro
341 3974 465 4024 aomomru
476 3973 543 4021 mdo
555 3973 653 4023 oiactim
674 3989 730 4039 poa·
771 3975 880 4035 unedo,
890 3987 951 4021 uooo
967 3977 992 4022 et
1007 3987 1033 4021 eo
1047 3972 1164 4037 dikum,
1175 3972 1301 4038 effectuae,

207 4061 248 4103 aet
265 4054 344 4103 etiam
358 4052 404 4107 aie,
423 4050 548 4100 amram
562 4050 659 4108 amau,
672 4053 732 4114 pelle
771 4051 1003 4111 ooearreoruute.
1034 4047 1162 4110 niumm
1171 4051 1300 4100 menalnr-

204 4125 282 4178 taataa
297 4129 365 4178 ruodo
374 4127 446 4188 fere.
473 4123 541 4174 Vide
554 4126 731 4193 stratonem.
771 4124 854 4189 proba
864 4123 936 4173 ritiia
947 4122 1095 4188 deditum,
1105 4125 1300 4178 alexternorunr

210 4207 252 4254 29.
773 4200 926 4252 raimundia
948 4199 1066 4266 accedat,
1087 4199 1118 4252 fir
1141 4203 1300 4255 consuetudo

240 4279 370 4329 *anrtor
393 4279 487 4342 pariam
514 4277 600 4338 majore
619 4277 732 4343 flagito]
770 4277 906 4330 immanlua
917 4278 1052 4343 peccandi,
1062 4279 1223 4331 consuetudo
1233 4291 1300 4331 nora
1330 4271 1337 4290 ”
