<?xml version="1.0" encoding="UTF-8"?>
<!DOCTYPE html PUBLIC "-//W3C//DTD XHTML 1.0 Transitional//EN"
    "http://www.w3.org/TR/xhtml1/DTD/xhtml1-transitional.dtd">
<html xmlns="http://www.w3.org/1999/xhtml" xml:lang="en" lang="en">
 <head>
  <title>
</title>
<meta http-equiv="Content-Type" content="text/html;charset=utf-8" />
  <meta name='ocr-system' content='tesseract 3.04.00' />
  <meta name='ocr-capabilities' content='ocr_page ocr_carea ocr_par ocr_line ocrx_word'/>
</head>
<body>
  <div class='ocr_page' id='page_1' title='image "./sextiaureliivic00victgoog_0329.png"; bbox 0 0 3022 5026; ppageno 0'>
   <div class='ocr_carea' id='block_1_1' title="bbox 211 308 1019 380">
    <p class='ocr_par' dir='ltr' id='par_1_1' title="bbox 211 308 1019 380">
     <span class='ocr_line' id='line_1_1' title="bbox 211 308 1019 380; baseline 0.009 -7"><span class='ocrx_word' id='word_1_1' title='bbox 211 308 276 374; x_wconf 76' lang='lat'>320</span> <span class='ocrx_word' id='word_1_2' title='bbox 519 326 633 376; x_wconf 83' lang='lat' dir='ltr'>snxrr</span> <span class='ocrx_word' id='word_1_3' title='bbox 659 328 820 377; x_wconf 71' lang='lat' dir='ltr'>sunnon</span> <span class='ocrx_word' id='word_1_4' title='bbox 847 330 1019 380; x_wconf 83' lang='lat' dir='ltr'>vrororrrs</span> 
     </span>
    </p>
   </div>
   <div class='ocr_carea' id='block_1_2' title="bbox 211 471 1343 933">
    <p class='ocr_par' dir='ltr' id='par_1_2' title="bbox 211 471 1343 843">
     <span class='ocr_line' id='line_1_2' title="bbox 212 471 1313 560; baseline 0.01 -26"><span class='ocrx_word' id='word_1_5' title='bbox 212 472 341 553; x_wconf 80' lang='lat' dir='ltr'>ceptior</span> <span class='ocrx_word' id='word_1_6' title='bbox 366 471 538 550; x_wconf 77' lang='lat' dir='ltr'>militibusr,</span> <span class='ocrx_word' id='word_1_7' title='bbox 555 476 766 555; x_wconf 87' lang='lat' dir='ltr'>proemiorum</span> <span class='ocrx_word' id='word_1_8' title='bbox 790 496 864 558; x_wconf 91' lang='lat' dir='ltr'>spe,</span> <span class='ocrx_word' id='word_1_9' title='bbox 882 497 939 539; x_wconf 83' lang='lat' dir='ltr'>sou</span> <span class='ocrx_word' id='word_1_10' title='bbox 966 478 1127 543; x_wconf 82' lang='lat' dir='ltr'>lasciviae.</span> <span class='ocrx_word' id='word_1_11' title='bbox 1171 480 1202 544; x_wconf 82' lang='lat'>8.</span> <span class='ocrx_word' id='word_1_12' title='bbox 1224 480 1313 560; x_wconf 83' lang='lat' dir='ltr'>Quo</span> 
     </span>
     <span class='ocr_line' id='line_1_3' title="bbox 211 575 1310 662; baseline 0.012 -28"><span class='ocrx_word' id='word_1_13' title='bbox 211 591 301 652; x_wconf 84' lang='lat' dir='ltr'>aegra</span> <span class='ocrx_word' id='word_1_14' title='bbox 316 575 534 658; x_wconf 83' lang='lat' dir='ltr'>asperiorque</span> <span class='ocrx_word' id='word_1_15' title='bbox 550 577 693 643; x_wconf 86' lang='lat' dir='ltr'>victoria</span> <span class='ocrx_word' id='word_1_16' title='bbox 708 579 779 655; x_wconf 88' lang='lat' dir='ltr'>luit,</span> <span class='ocrx_word' id='word_1_17' title='bbox 794 580 886 653; x_wconf 91' lang='lat' dir='ltr'>dum,</span> <span class='ocrx_word' id='word_1_18' title='bbox 902 581 951 643; x_wconf 89' lang='lat' dir='ltr'>uti</span> <span class='ocrx_word' id='word_1_19' title='bbox 967 600 1038 644; x_wconf 91' lang='lat' dir='ltr'>mos</span> <span class='ocrx_word' id='word_1_20' title='bbox 1055 581 1199 646; x_wconf 85' lang='lat' dir='ltr'>subditis</span> <span class='ocrx_word' id='word_1_21' title='bbox 1220 595 1310 662; x_wconf 86' lang='lat' dir='ltr'>erat,</span> 
     </span>
     <span class='ocr_line' id='line_1_4' title="bbox 211 675 1343 770; baseline 0.011 -32"><span class='ocrx_word' id='word_1_22' title='bbox 211 675 324 739; x_wconf 89' lang='lat' dir='ltr'>studio</span> <span class='ocrx_word' id='word_1_23' title='bbox 339 678 474 759; x_wconf 90' lang='lat' dir='ltr'>impune</span> <span class='ocrx_word' id='word_1_24' title='bbox 490 681 663 760; x_wconf 85' lang='lat' dir='ltr'>peccandi,</span> <span class='ocrx_word' id='word_1_25' title='bbox 678 682 818 745; x_wconf 87' lang='lat' dir='ltr'>remissa</span> <span class='ocrx_word' id='word_1_26' title='bbox 837 678 1001 765; x_wconf 68' lang='lat' dir='ltr'>imperiak</span> <span class='ocrx_word' id='word_1_27' title='bbox 1023 685 1189 768; x_wconf 85' lang='lat' dir='ltr'><strong>promtius</strong></span> <span class='ocrx_word' id='word_1_28' title='bbox 1204 706 1311 770; x_wconf 88' lang='lat' dir='ltr'>quarn</span> <span class='ocrx_word' id='word_1_29' title='bbox 1340 687 1343 693; x_wconf 82' lang='grc'><strong>’</strong></span> 
     </span>
     <span class='ocr_line' id='line_1_5' title="bbox 211 777 514 843; baseline 0.007 -3"><span class='ocrx_word' id='word_1_30' title='bbox 211 777 307 842; x_wconf 89' lang='lat' dir='ltr'>utilia</span> <span class='ocrx_word' id='word_1_31' title='bbox 321 777 514 843; x_wconf 83' lang='lat' dir='ltr'>defendunt.</span> 
     </span>
    </p>

    <p class='ocr_par' dir='ltr' id='par_1_3' title="bbox 705 883 811 933">
     <span class='ocr_line' id='line_1_6' title="bbox 705 883 811 933; baseline -0.009 0"><span class='ocrx_word' id='word_1_32' title='bbox 705 883 811 933; x_wconf 70' lang='lat' dir='ltr'>Nora*</span> 
     </span>
    </p>
   </div>
   <div class='ocr_carea' id='block_1_3' title="bbox 209 977 1311 1124">
    <p class='ocr_par' dir='ltr' id='par_1_4' title="bbox 209 977 1311 1124">
     <span class='ocr_line' id='line_1_7' title="bbox 209 977 1311 1048; baseline 0.009 -19"><span class='ocrx_word' id='word_1_33' title='bbox 209 979 313 1044; x_wconf 84' lang='lat' dir='ltr'>quentis</span> <span class='ocrx_word' id='word_1_34' title='bbox 333 979 442 1042; x_wconf 80' lang='lat' dir='ltr'>eapitis:</span> <span class='ocrx_word' id='word_1_35' title='bbox 461 977 600 1030; x_wconf 82' lang='lat' dir='ltr'>‘Ceterum</span> <span class='ocrx_word' id='word_1_36' title='bbox 620 980 736 1031; x_wconf 75' lang='lat' dir='ltr'>Aurelio·</span> <span class='ocrx_word' id='word_1_37' title='bbox 809 981 947 1034; x_wconf 64' lang='lat' dir='ltr'>*Rcmirm</span> <span class='ocrx_word' id='word_1_38' title='bbox 966 984 1077 1048; x_wconf 71' lang='lat' dir='ltr'>imperio]</span> <span class='ocrx_word' id='word_1_39' title='bbox 1103 987 1213 1036; x_wconf 74' lang='lat' dir='ltr'>Remissa</span> <span class='ocrx_word' id='word_1_40' title='bbox 1229 998 1311 1039; x_wconf 73' lang='lat' dir='ltr'>vocnt</span> 
     </span>
     <span class='ocr_line' id='line_1_8' title="bbox 209 1058 1310 1124; baseline 0.011 -20"><span class='ocrx_word' id='word_1_41' title='bbox 209 1070 256 1105; x_wconf 82' lang='lat' dir='ltr'>nor</span> <span class='ocrx_word' id='word_1_42' title='bbox 285 1070 405 1104; x_wconf 73' lang='lat' dir='ltr'>succentu</span> <span class='ocrx_word' id='word_1_43' title='bbox 440 1063 511 1106; x_wconf 83' lang='lat' dir='ltr'>tanto</span> <span class='ocrx_word' id='word_1_44' title='bbox 542 1058 737 1120; x_wconf 82' lang='lat' dir='ltr'>vehementior,&#39;</span> <span class='ocrx_word' id='word_1_45' title='bbox 777 1060 1310 1124; x_wconf 82' lang='lat' dir='ltr'>imperiarninrrrrevera,ubiomniaom·</span> 
     </span>
    </p>
   </div>
   <div class='ocr_carea' id='block_1_4' title="bbox 208 1132 1308 1273">
    <p class='ocr_par' dir='ltr' id='par_1_5' title="bbox 208 1132 1308 1273">
     <span class='ocr_line' id='line_1_9' title="bbox 211 1132 1308 1207; baseline 0.011 -25"><span class='ocrx_word' id='word_1_46' title='bbox 211 1147 268 1195; x_wconf 82' lang='lat' dir='ltr'>quaa</span> <span class='ocrx_word' id='word_1_47' title='bbox 287 1132 431 1181; x_wconf 81' lang='lat' dir='ltr'>necerrrrlo</span> <span class='ocrx_word' id='word_1_48' title='bbox 450 1133 482 1181; x_wconf 87' lang='lat' dir='ltr'>ad</span> <span class='ocrx_word' id='word_1_49' title='bbox 498 1148 539 1196; x_wconf 77' lang='lat' dir='ltr'>ea,</span> <span class='ocrx_word' id='word_1_50' title='bbox 551 1149 609 1200; x_wconf 76' lang='lat' dir='ltr'>qnae</span> <span class='ocrx_word' id='word_1_51' title='bbox 629 1136 670 1185; x_wconf 88' lang='lat' dir='ltr'>lrie</span> <span class='ocrx_word' id='word_1_52' title='bbox 681 1136 736 1187; x_wconf 86' lang='lat' dir='ltr'>dlo-</span> <span class='ocrx_word' id='word_1_53' title='bbox 777 1137 852 1186; x_wconf 82' lang='lat' dir='ltr'>nibus</span> <span class='ocrx_word' id='word_1_54' title='bbox 865 1141 988 1203; x_wconf 81' lang='lat' dir='ltr'>permisso</span> <span class='ocrx_word' id='word_1_55' title='bbox 1002 1147 1071 1195; x_wconf 82' lang='lat' dir='ltr'>runt,</span> <span class='ocrx_word' id='word_1_56' title='bbox 1088 1149 1115 1188; x_wconf 81' lang='lat' dir='ltr'>et</span> <span class='ocrx_word' id='word_1_57' title='bbox 1127 1142 1234 1205; x_wconf 88' lang='lat' dir='ltr'>impune</span> <span class='ocrx_word' id='word_1_58' title='bbox 1247 1158 1308 1207; x_wconf 80' lang='lat' dir='ltr'>pec·</span> 
     </span>
     <span class='ocr_line' id='line_1_10' title="bbox 208 1208 860 1273; baseline 0.008 -14"><span class='ocrx_word' id='word_1_59' title='bbox 208 1208 469 1273; x_wconf 71' lang='lat' dir='ltr'>terunt,ret&#39;eranda.</span> <span class='ocrx_word' id='word_1_60' title='bbox 777 1223 860 1266; x_wconf 85' lang='lat' dir='ltr'>catur.</span> 
     </span>
    </p>
   </div>
   <div class='ocr_carea' id='block_1_5' title="bbox 615 1396 917 1407">
    <p class='ocr_par' dir='ltr' id='par_1_6' title="bbox 615 1396 917 1407">
     <span class='ocr_line' id='line_1_11' title="bbox 615 1396 917 1407; baseline 0.01 -3"><span class='ocrx_word' id='word_1_61' title='bbox 615 1396 917 1407; x_wconf 80' lang='lat'>--————...</span> 
     </span>
    </p>
   </div>
   <div class='ocr_carea' id='block_1_6' title="bbox 605 1563 911 1768">
    <p class='ocr_par' dir='ltr' id='par_1_7' title="bbox 605 1563 911 1768">
     <span class='ocr_line' id='line_1_12' title="bbox 605 1563 911 1633; baseline 0.007 -2"><span class='ocrx_word' id='word_1_62' title='bbox 605 1563 709 1631; x_wconf 88' lang='lat' dir='ltr'>CAP.</span> <span class='ocrx_word' id='word_1_63' title='bbox 740 1566 911 1633; x_wconf 90' lang='lat' dir='ltr'>XXXV.</span> 
     </span>
     <span class='ocr_line' id='line_1_13' title="bbox 624 1718 888 1768; baseline -0.004 -3"><span class='ocrx_word' id='word_1_64' title='bbox 624 1718 888 1768; x_wconf 74' lang='lat' dir='ltr'>nunanmuos.</span> 
     </span>
    </p>
   </div>
   <div class='ocr_carea' id='block_1_7' title="bbox 204 1851 1303 2549">
    <p class='ocr_par' dir='ltr' id='par_1_8' title="bbox 204 1851 1303 2549">
     <span class='ocr_line' id='line_1_14' title="bbox 250 1851 1303 1935; baseline 0.003 -16"><span class='ocrx_word' id='word_1_65' title='bbox 250 1854 282 1919; x_wconf 87' lang='lat'>1.</span> <span class='ocrx_word' id='word_1_66' title='bbox 316 1855 502 1922; x_wconf 75' lang='lat' dir='ltr'>ommam</span> <span class='ocrx_word' id='word_1_67' title='bbox 527 1851 749 1919; x_wconf 75' lang='lat' dir='ltr'>Aurelianus·</span> <span class='ocrx_word' id='word_1_68' title='bbox 782 1874 947 1920; x_wconf 84' lang='lat' dir='ltr'>successu</span> <span class='ocrx_word' id='word_1_69' title='bbox 975 1861 1067 1935; x_wconf 88' lang='lat' dir='ltr'>tanto</span> <span class='ocrx_word' id='word_1_70' title='bbox 1101 1856 1303 1922; x_wconf 87' lang='lat' dir='ltr'>vehementi·</span> 
     </span>
     <span class='ocr_line' id='line_1_15' title="bbox 207 1958 1303 2043; baseline 0.002 -21"><span class='ocrx_word' id='word_1_71' title='bbox 207 1977 258 2035; x_wconf 93' lang='lat' dir='ltr'>or,</span> <span class='ocrx_word' id='word_1_72' title='bbox 288 1959 457 2023; x_wconf 84' lang='lat' dir='ltr'><strong>confestim</strong></span> <span class='ocrx_word' id='word_1_73' title='bbox 480 1958 576 2042; x_wconf 82' lang='lat' dir='ltr'>quasi</span> <span class='ocrx_word' id='word_1_74' title='bbox 599 1958 678 2021; x_wconf 91' lang='lat' dir='ltr'>belli</span> <span class='ocrx_word' id='word_1_75' title='bbox 700 1958 853 2043; x_wconf 77' lang='lat' dir='ltr'>reliquiae</span> <span class='ocrx_word' id='word_1_76' title='bbox 874 1967 1099 2042; x_wconf 69' lang='lat' dir='ltr'>superessent,</span> <span class='ocrx_word' id='word_1_77' title='bbox 1119 1962 1152 2024; x_wconf 94' lang='lat' dir='ltr'>in</span> <span class='ocrx_word' id='word_1_78' title='bbox 1177 1961 1303 2025; x_wconf 90' lang='lat' dir='ltr'>Persas</span> 
     </span>
     <span class='ocr_line' id='line_1_16' title="bbox 207 2059 1302 2146; baseline 0.004 -25"><span class='ocrx_word' id='word_1_79' title='bbox 207 2080 403 2143; x_wconf 77' lang='lat' dir='ltr'>progressus</span> <span class='ocrx_word' id='word_1_80' title='bbox 428 2069 489 2125; x_wconf 88' lang='lat' dir='ltr'>est.</span> <span class='ocrx_word' id='word_1_81' title='bbox 532 2062 564 2125; x_wconf 78' lang='lat'>2.</span> <span class='ocrx_word' id='word_1_82' title='bbox 588 2059 675 2138; x_wconf 87' lang='lat' dir='ltr'>Quis</span> <span class='ocrx_word' id='word_1_83' title='bbox 699 2061 831 2137; x_wconf 72' lang='lat' dir='ltr'>deletiS,</span> <span class='ocrx_word' id='word_1_84' title='bbox 858 2061 992 2125; x_wconf 90' lang='lat' dir='ltr'>Italiam</span> <span class='ocrx_word' id='word_1_85' title='bbox 1011 2064 1176 2145; x_wconf 89' lang='lat' dir='ltr'>repetivit,</span> <span class='ocrx_word' id='word_1_86' title='bbox 1203 2064 1302 2146; x_wconf 90' lang='lat' dir='ltr'>cujus</span> 
     </span>
     <span class='ocr_line' id='line_1_17' title="bbox 206 2160 1302 2242; baseline 0.005 -18"><span class='ocrx_word' id='word_1_87' title='bbox 206 2163 304 2225; x_wconf 90' lang='lat' dir='ltr'>urbes</span> <span class='ocrx_word' id='word_1_88' title='bbox 328 2162 588 2227; x_wconf 80' lang='lat' dir='ltr'><strong>Alamannorum</strong></span> <span class='ocrx_word' id='word_1_89' title='bbox 610 2160 873 2225; x_wconf 81' lang='lat' dir='ltr'>vexationibusb</span> <span class='ocrx_word' id='word_1_90' title='bbox 897 2161 1139 2242; x_wconf 84' lang='lat' dir='ltr'>affligebantur.</span> <span class='ocrx_word' id='word_1_91' title='bbox 1190 2166 1223 2227; x_wconf 84' lang='lat'>3.</span> <span class='ocrx_word' id='word_1_92' title='bbox 1247 2165 1302 2229; x_wconf 88' lang='lat' dir='ltr'>Si·</span> 
     </span>
     <span class='ocr_line' id='line_1_18' title="bbox 206 2262 1301 2345; baseline 0.005 -20"><span class='ocrx_word' id='word_1_93' title='bbox 206 2262 275 2325; x_wconf 93' lang='lat' dir='ltr'>mul</span> <span class='ocrx_word' id='word_1_94' title='bbox 299 2262 475 2326; x_wconf 87' lang='lat' dir='ltr'>Germanis</span> <span class='ocrx_word' id='word_1_95' title='bbox 489 2262 603 2325; x_wconf 87' lang='lat' dir='ltr'>Gallia</span> <span class='ocrx_word' id='word_1_96' title='bbox 618 2262 774 2333; x_wconf 88' lang='lat' dir='ltr'>demotis,</span> <span class='ocrx_word' id='word_1_97' title='bbox 788 2262 925 2337; x_wconf 84' lang='lat' dir='ltr'>Tetrici,</span> <span class='ocrx_word' id='word_1_98' title='bbox 942 2264 983 2325; x_wconf 85' lang='lat' dir='ltr'>de</span> <span class='ocrx_word' id='word_1_99' title='bbox 1006 2284 1071 2345; x_wconf 91' lang='lat' dir='ltr'>quo</span> <span class='ocrx_word' id='word_1_100' title='bbox 1095 2286 1197 2345; x_wconf 90' lang='lat' dir='ltr'>supra</span> <span class='ocrx_word' id='word_1_101' title='bbox 1212 2287 1301 2330; x_wconf 90' lang='lat' dir='ltr'>com·</span> 
     </span>
     <span class='ocr_line' id='line_1_19' title="bbox 205 2361 1301 2446; baseline 0.005 -19"><span class='ocrx_word' id='word_1_102' title='bbox 205 2363 473 2440; x_wconf 85' lang='lat' dir='ltr'>memoravimus,</span> <span class='ocrx_word' id='word_1_103' title='bbox 483 2382 581 2426; x_wconf 73' lang='lat' dir='ltr'>caesae</span> <span class='ocrx_word' id='word_1_104' title='bbox 593 2362 753 2445; x_wconf 83' lang='lat' dir='ltr'>legiones,</span> <span class='ocrx_word' id='word_1_105' title='bbox 766 2361 934 2446; x_wconf 84' lang='lat' dir='ltr'>proditore</span> <span class='ocrx_word' id='word_1_106' title='bbox 944 2363 1020 2445; x_wconf 91' lang='lat' dir='ltr'>ipso</span> <span class='ocrx_word' id='word_1_107' title='bbox 1031 2363 1138 2428; x_wconf 83' lang='lat' dir='ltr'>duce.c</span> <span class='ocrx_word' id='word_1_108' title='bbox 1159 2369 1192 2428; x_wconf 89' lang='grc'>4.</span> <span class='ocrx_word' id='word_1_109' title='bbox 1208 2366 1301 2433; x_wconf 86' lang='lat' dir='ltr'>Nam</span> 
     </span>
     <span class='ocr_line' id='line_1_20' title="bbox 204 2464 1300 2549; baseline 0.005 -20"><span class='ocrx_word' id='word_1_110' title='bbox 204 2464 366 2544; x_wconf 85' lang='lat' dir='ltr'>Tetricus,</span> <span class='ocrx_word' id='word_1_111' title='bbox 389 2485 466 2529; x_wconf 89' lang='lat' dir='ltr'>curn</span> <span class='ocrx_word' id='word_1_112' title='bbox 489 2465 642 2529; x_wconf 87' lang='lat' dir='ltr'>Faustini</span> <span class='ocrx_word' id='word_1_113' title='bbox 668 2465 823 2549; x_wconf 69' lang='lat' dir='ltr'>praesidis</span> <span class='ocrx_word' id='word_1_114' title='bbox 847 2464 927 2529; x_wconf 95' lang='lat' dir='ltr'>dolo</span> <span class='ocrx_word' id='word_1_115' title='bbox 947 2467 1112 2548; x_wconf 86' lang='lat' dir='ltr'>corruptis</span> <span class='ocrx_word' id='word_1_116' title='bbox 1135 2467 1300 2534; x_wconf 90' lang='lat' dir='ltr'>militibus</span> 
     </span>
    </p>
   </div>
   <div class='ocr_carea' id='block_1_8' title="bbox 204 2567 1299 3070">
    <p class='ocr_par' dir='ltr' id='par_1_9' title="bbox 204 2567 1299 3070">
     <span class='ocr_line' id='line_1_21' title="bbox 204 2567 1298 2655; baseline 0.004 -23"><span class='ocrx_word' id='word_1_117' title='bbox 204 2567 400 2653; x_wconf 83' lang='lat' dir='ltr'>plerumque</span> <span class='ocrx_word' id='word_1_118' title='bbox 421 2574 597 2653; x_wconf 83' lang='lat' dir='ltr'>peteretur,</span> <span class='ocrx_word' id='word_1_119' title='bbox 613 2568 784 2635; x_wconf 85' lang='lat' dir='ltr'>Aureliani</span> <span class='ocrx_word' id='word_1_120' title='bbox 803 2589 861 2652; x_wconf 88' lang='lat' dir='ltr'>per</span> <span class='ocrx_word' id='word_1_121' title='bbox 884 2569 999 2634; x_wconf 81' lang='lat' dir='ltr'>literas</span> <span class='ocrx_word' id='word_1_122' title='bbox 1021 2569 1216 2655; x_wconf 77' lang='lat' dir='ltr'>praesidium</span> <span class='ocrx_word' id='word_1_123' title='bbox 1239 2574 1298 2636; x_wconf 95' lang='lat' dir='ltr'>im-</span> 
     </span>
     <span class='ocr_line' id='line_1_22' title="bbox 204 2672 1299 2756; baseline 0.004 -21"><span class='ocrx_word' id='word_1_124' title='bbox 204 2672 405 2754; x_wconf 81' lang='lat' dir='ltr'>ploraverat,</span> <span class='ocrx_word' id='word_1_125' title='bbox 429 2673 527 2756; x_wconf 86' lang='lat' dir='ltr'>eiquo</span> <span class='ocrx_word' id='word_1_126' title='bbox 551 2672 757 2749; x_wconf 88' lang='lat' dir='ltr'>adventanti,</span> <span class='ocrx_word' id='word_1_127' title='bbox 783 2673 946 2756; x_wconf 87' lang='lat' dir='ltr'>producta</span> <span class='ocrx_word' id='word_1_128' title='bbox 972 2672 1015 2736; x_wconf 90' lang='lat' dir='ltr'>ad</span> <span class='ocrx_word' id='word_1_129' title='bbox 1046 2675 1191 2756; x_wconf 85' lang='lat' dir='ltr'>speciem</span> <span class='ocrx_word' id='word_1_130' title='bbox 1216 2677 1299 2752; x_wconf 90' lang='lat' dir='ltr'>acie,</span> 
     </span>
     <span class='ocr_line' id='line_1_23' title="bbox 204 2774 1297 2860; baseline 0.001 -20"><span class='ocrx_word' id='word_1_131' title='bbox 204 2776 289 2840; x_wconf 89' lang='lat' dir='ltr'>inter</span> <span class='ocrx_word' id='word_1_132' title='bbox 302 2795 446 2860; x_wconf 85' lang='lat' dir='ltr'>pugnam</span> <span class='ocrx_word' id='word_1_133' title='bbox 462 2795 498 2839; x_wconf 87' lang='lat' dir='ltr'>se</span> <span class='ocrx_word' id='word_1_134' title='bbox 513 2774 617 2840; x_wconf 86' lang='lat' dir='ltr'>dedit.</span> <span class='ocrx_word' id='word_1_135' title='bbox 662 2779 693 2840; x_wconf 80' lang='lat'>5.</span> <span class='ocrx_word' id='word_1_136' title='bbox 719 2776 782 2854; x_wconf 90' lang='lat' dir='ltr'>lta,</span> <span class='ocrx_word' id='word_1_137' title='bbox 798 2775 846 2840; x_wconf 92' lang='lat' dir='ltr'>uti</span> <span class='ocrx_word' id='word_1_138' title='bbox 862 2785 988 2840; x_wconf 85' lang='lat' dir='ltr'>rectore</span> <span class='ocrx_word' id='word_1_139' title='bbox 1007 2777 1098 2839; x_wconf 91' lang='lat' dir='ltr'>nullo</span> <span class='ocrx_word' id='word_1_140' title='bbox 1118 2778 1215 2856; x_wconf 85' lang='lat' dir='ltr'>solet,</span> <span class='ocrx_word' id='word_1_141' title='bbox 1231 2788 1297 2843; x_wconf 91' lang='lat' dir='ltr'>tur·</span> 
     </span>
     <span class='ocr_line' id='line_1_24' title="bbox 204 2877 1297 2964; baseline 0.005 -24"><span class='ocrx_word' id='word_1_142' title='bbox 204 2877 276 2942; x_wconf 90' lang='lat' dir='ltr'>bati</span> <span class='ocrx_word' id='word_1_143' title='bbox 288 2877 422 2943; x_wconf 86' lang='lat' dir='ltr'>ordines</span> <span class='ocrx_word' id='word_1_144' title='bbox 436 2878 591 2963; x_wconf 89' lang='lat' dir='ltr'>oppressi</span> <span class='ocrx_word' id='word_1_145' title='bbox 611 2886 705 2943; x_wconf 91' lang='lat' dir='ltr'>sunt:</span> <span class='ocrx_word' id='word_1_146' title='bbox 729 2879 802 2962; x_wconf 92' lang='lat' dir='ltr'>ipse</span> <span class='ocrx_word' id='word_1_147' title='bbox 818 2886 895 2962; x_wconf 88' lang='lat' dir='ltr'>post</span> <span class='ocrx_word' id='word_1_148' title='bbox 913 2880 1038 2944; x_wconf 87' lang='lat' dir='ltr'>celsum</span> <span class='ocrx_word' id='word_1_149' title='bbox 1055 2880 1178 2945; x_wconf 90' lang='lat' dir='ltr'>biennii</span> <span class='ocrx_word' id='word_1_150' title='bbox 1195 2883 1297 2964; x_wconf 88' lang='lat' dir='ltr'>impe·</span> 
     </span>
     <span class='ocr_line' id='line_1_25' title="bbox 204 2981 1297 3070; baseline 0.004 -26"><span class='ocrx_word' id='word_1_151' title='bbox 204 2981 267 3044; x_wconf 75' lang='lat' dir='ltr'>riid</span> <span class='ocrx_word' id='word_1_152' title='bbox 292 2983 326 3045; x_wconf 92' lang='lat' dir='ltr'>in</span> <span class='ocrx_word' id='word_1_153' title='bbox 351 2981 552 3066; x_wconf 90' lang='lat' dir='ltr'>triumphum</span> <span class='ocrx_word' id='word_1_154' title='bbox 573 2981 709 3060; x_wconf 89' lang='lat' dir='ltr'>ductus,</span> <span class='ocrx_word' id='word_1_155' title='bbox 725 2982 887 3047; x_wconf 80' lang='lat' dir='ltr'>Lucaniae</span> <span class='ocrx_word' id='word_1_156' title='bbox 906 2995 1144 3061; x_wconf 79' lang='lat' dir='ltr'>correcturum,</span> <span class='ocrx_word' id='word_1_157' title='bbox 1160 2986 1297 3070; x_wconf 87' lang='lat' dir='ltr'>filioque</span> 
     </span>
    </p>
   </div>
   <div class='ocr_carea' id='block_1_9' title="bbox 205 3245 1298 3444">
    <p class='ocr_par' dir='ltr' id='par_1_10' title="bbox 205 3245 1298 3444">
     <span class='ocr_line' id='line_1_26' title="bbox 238 3245 1298 3315; baseline 0.006 -21"><span class='ocrx_word' id='word_1_158' title='bbox 238 3245 305 3295; x_wconf 70' lang='lat' dir='ltr'>Car.</span> <span class='ocrx_word' id='word_1_159' title='bbox 317 3259 405 3296; x_wconf 77' lang='lat' dir='ltr'>mu.</span> <span class='ocrx_word' id='word_1_160' title='bbox 438 3251 453 3295; x_wconf 79' lang='grc'>3</span> <span class='ocrx_word' id='word_1_161' title='bbox 472 3248 599 3297; x_wconf 84' lang='lat' dir='ltr'>Proditore</span> <span class='ocrx_word' id='word_1_162' title='bbox 610 3262 642 3298; x_wconf 81' lang='lat' dir='ltr'>ex</span> <span class='ocrx_word' id='word_1_163' title='bbox 654 3248 834 3297; x_wconf 73' lang='lat' dir='ltr'>emendatione</span> <span class='ocrx_word' id='word_1_164' title='bbox 844 3248 953 3303; x_wconf 83' lang='lat' dir='ltr'>Srhottl,</span> <span class='ocrx_word' id='word_1_165' title='bbox 966 3250 1024 3297; x_wconf 82' lang='lat' dir='ltr'>loro</span> <span class='ocrx_word' id='word_1_166' title='bbox 1035 3250 1153 3312; x_wconf 74' lang='lat' dir='ltr'>eorrupit</span> <span class='ocrx_word' id='word_1_167' title='bbox 1162 3253 1298 3315; x_wconf 77' lang='lat' dir='ltr'>prodito.-</span> 
     </span>
     <span class='ocr_line' id='line_1_27' title="bbox 205 3311 1297 3378; baseline 0.006 -18"><span class='ocrx_word' id='word_1_168' title='bbox 205 3317 221 3360; x_wconf 80' lang='lat' dir='ltr'>o</span> <span class='ocrx_word' id='word_1_169' title='bbox 238 3312 302 3360; x_wconf 86' lang='lat' dir='ltr'>Cum</span> <span class='ocrx_word' id='word_1_170' title='bbox 315 3311 339 3359; x_wconf 90' lang='lat' dir='ltr'>iu</span> <span class='ocrx_word' id='word_1_171' title='bbox 353 3313 482 3375; x_wconf 83' lang='lat' dir='ltr'>plerisque</span> <span class='ocrx_word' id='word_1_172' title='bbox 491 3314 620 3374; x_wconf 79' lang='lat' dir='ltr'>legeretur</span> <span class='ocrx_word' id='word_1_173' title='bbox 628 3319 680 3377; x_wconf 80' lang='lat' dir='ltr'>port</span> <span class='ocrx_word' id='word_1_174' title='bbox 695 3315 788 3362; x_wconf 72' lang='lat' dir='ltr'>Celsum</span> <span class='ocrx_word' id='word_1_175' title='bbox 799 3314 860 3363; x_wconf 77' lang='lat' dir='ltr'>lien.</span> <span class='ocrx_word' id='word_1_176' title='bbox 871 3314 974 3378; x_wconf 79' lang='lat' dir='ltr'>imperii,</span> <span class='ocrx_word' id='word_1_177' title='bbox 982 3316 1090 3377; x_wconf 85' lang='lat' dir='ltr'>conjicit</span> <span class='ocrx_word' id='word_1_178' title='bbox 1102 3318 1236 3377; x_wconf 80' lang='lat' dir='ltr'>Schottus,</span> <span class='ocrx_word' id='word_1_179' title='bbox 1247 3333 1297 3367; x_wconf 88' lang='lat' dir='ltr'>oon</span> 
     </span>
     <span class='ocr_line' id='line_1_28' title="bbox 205 3377 1293 3444; baseline 0.005 -17"><span class='ocrx_word' id='word_1_180' title='bbox 205 3377 341 3427; x_wconf 83' lang='lat' dir='ltr'>intellecto</span> <span class='ocrx_word' id='word_1_181' title='bbox 351 3380 385 3438; x_wconf 73' lang='grc' dir='ltr'>τᾷ</span> <span class='ocrx_word' id='word_1_182' title='bbox 398 3380 499 3434; x_wconf 74' lang='lat' dir='ltr'>Celsum,</span> <span class='ocrx_word' id='word_1_183' title='bbox 516 3382 623 3444; x_wconf 82' lang='lat' dir='ltr'>(nomen</span> <span class='ocrx_word' id='word_1_184' title='bbox 636 3393 729 3443; x_wconf 81' lang='lat' dir='ltr'>nempe</span> <span class='ocrx_word' id='word_1_185' title='bbox 740 3388 785 3427; x_wconf 79' lang='lat' dir='ltr'>rut</span> <span class='ocrx_word' id='word_1_186' title='bbox 797 3379 977 3444; x_wconf 68' lang='lat' dir='ltr'>adjectivum)</span> <span class='ocrx_word' id='word_1_187' title='bbox 993 3380 1048 3444; x_wconf 73' lang='lat' dir='ltr'>Ipse</span> <span class='ocrx_word' id='word_1_188' title='bbox 1057 3389 1111 3444; x_wconf 81' lang='lat' dir='ltr'>port</span> <span class='ocrx_word' id='word_1_189' title='bbox 1128 3385 1215 3432; x_wconf 77' lang='lat' dir='ltr'>cetrum</span> <span class='ocrx_word' id='word_1_190' title='bbox 1233 3385 1293 3433; x_wconf 77' lang='lat' dir='ltr'>tien.</span> 
     </span>
    </p>
   </div>
   <div class='ocr_carea' id='block_1_10' title="bbox 695 3510 801 3561">
    <p class='ocr_par' dir='ltr' id='par_1_11' title="bbox 695 3510 801 3561">
     <span class='ocr_line' id='line_1_29' title="bbox 695 3510 801 3561; baseline -0.028 0"><span class='ocrx_word' id='word_1_191' title='bbox 695 3510 801 3561; x_wconf 77' lang='lat' dir='ltr'>NOTAE</span> 
     </span>
    </p>
   </div>
   <div class='ocr_carea' id='block_1_11' title="bbox 203 3606 1296 4291">
    <p class='ocr_par' dir='ltr' id='par_1_12' title="bbox 204 3606 1295 3747">
     <span class='ocr_line' id='line_1_30' title="bbox 236 3606 1295 3674; baseline -0.001 -16"><span class='ocrx_word' id='word_1_192' title='bbox 236 3606 418 3669; x_wconf 77' lang='lat' dir='ltr'>⁸Arrrelimrur]</span> <span class='ocrx_word' id='word_1_193' title='bbox 447 3608 588 3670; x_wconf 83' lang='lat' dir='ltr'>Imperium</span> <span class='ocrx_word' id='word_1_194' title='bbox 615 3611 730 3674; x_wconf 78' lang='lat' dir='ltr'>suscepit</span> <span class='ocrx_word' id='word_1_195' title='bbox 772 3609 856 3672; x_wconf 79' lang='lat' dir='ltr'>piscor</span> <span class='ocrx_word' id='word_1_196' title='bbox 876 3610 902 3659; x_wconf 90' lang='lat' dir='ltr'>lrr</span> <span class='ocrx_word' id='word_1_197' title='bbox 918 3609 1070 3661; x_wconf 76' lang='lat' dir='ltr'>Aureliano.</span> <span class='ocrx_word' id='word_1_198' title='bbox 1104 3612 1189 3661; x_wconf 87' lang='lat' dir='ltr'>Pollio</span> <span class='ocrx_word' id='word_1_199' title='bbox 1204 3613 1228 3662; x_wconf 90' lang='lat' dir='ltr'>in</span> <span class='ocrx_word' id='word_1_200' title='bbox 1246 3610 1295 3657; x_wconf 76' lang='lat' dir='ltr'>&#39;re-</span> 
     </span>
     <span class='ocr_line' id='line_1_31' title="bbox 204 3683 1295 3747; baseline -0.005 -12"><span class='ocrx_word' id='word_1_201' title='bbox 204 3683 238 3735; x_wconf 81' lang='lat' dir='ltr'>A.</span> <span class='ocrx_word' id='word_1_202' title='bbox 250 3684 285 3733; x_wconf 85' lang='lat' dir='ltr'>U.</span> <span class='ocrx_word' id='word_1_203' title='bbox 297 3688 370 3733; x_wconf 74' lang='grc'><strong>1022.</strong></span> <span class='ocrx_word' id='word_1_204' title='bbox 383 3691 440 3747; x_wconf 80' lang='lat' dir='ltr'>port</span> <span class='ocrx_word' id='word_1_205' title='bbox 451 3685 480 3733; x_wconf 83' lang='lat' dir='ltr'>C·</span> <span class='ocrx_word' id='word_1_206' title='bbox 489 3690 547 3735; x_wconf 71' lang='lat'>27⁰.</span> <span class='ocrx_word' id='word_1_207' title='bbox 771 3689 839 3735; x_wconf 90' lang='lat' dir='ltr'>trieo</span> <span class='ocrx_word' id='word_1_208' title='bbox 856 3687 975 3737; x_wconf 74' lang='lat' dir='ltr'>seniore:</span> <span class='ocrx_word' id='word_1_209' title='bbox 993 3690 1001 3717; x_wconf 86' lang='lat'>‘</span> <span class='ocrx_word' id='word_1_210' title='bbox 1014 3688 1090 3740; x_wconf 79' lang='lat' dir='ltr'>Quod</span> <span class='ocrx_word' id='word_1_211' title='bbox 1110 3689 1217 3736; x_wconf 85' lang='lat' dir='ltr'>militum</span> <span class='ocrx_word' id='word_1_212' title='bbox 1237 3697 1295 3731; x_wconf 81' lang='lat' dir='ltr'>ooo·</span> 
     </span>
    </p>

    <p class='ocr_par' dir='ltr' id='par_1_13' title="bbox 203 3760 1296 4059">
     <span class='ocr_line' id='line_1_32' title="bbox 235 3760 1293 3827; baseline 0.002 -20"><span class='ocrx_word' id='word_1_213' title='bbox 235 3760 247 3795; x_wconf 72' lang='lat' dir='ltr'>b</span> <span class='ocrx_word' id='word_1_214' title='bbox 266 3760 416 3821; x_wconf 74' lang='lat' dir='ltr'>cuiusurler</span> <span class='ocrx_word' id='word_1_215' title='bbox 425 3760 612 3811; x_wconf 74' lang='lat' dir='ltr'>Alamannorum</span> <span class='ocrx_word' id='word_1_216' title='bbox 622 3763 731 3812; x_wconf 71' lang='lat' dir='ltr'>vexatio·</span> <span class='ocrx_word' id='word_1_217' title='bbox 771 3776 826 3811; x_wconf 88' lang='lat' dir='ltr'>rum</span> <span class='ocrx_word' id='word_1_218' title='bbox 854 3763 1039 3826; x_wconf 81' lang='lat' dir='ltr'>impudentiam</span> <span class='ocrx_word' id='word_1_219' title='bbox 1062 3773 1090 3814; x_wconf 81' lang='lat' dir='ltr'>et</span> <span class='ocrx_word' id='word_1_220' title='bbox 1113 3763 1293 3827; x_wconf 74' lang='lat' dir='ltr'>procaeitrtem</span> 
     </span>
     <span class='ocr_line' id='line_1_33' title="bbox 203 3835 1295 3905; baseline -0.002 -20"><span class='ocrx_word' id='word_1_221' title='bbox 203 3836 284 3899; x_wconf 75' lang='lat' dir='ltr'>nilus]</span> <span class='ocrx_word' id='word_1_222' title='bbox 302 3835 369 3886; x_wconf 84' lang='lat' dir='ltr'>Vide</span> <span class='ocrx_word' id='word_1_223' title='bbox 380 3835 571 3903; x_wconf 77' lang='lat' dir='ltr'>Zosimumqoi</span> <span class='ocrx_word' id='word_1_224' title='bbox 583 3839 642 3899; x_wconf 84' lang='lat' dir='ltr'>troc,</span> <span class='ocrx_word' id='word_1_225' title='bbox 656 3847 728 3888; x_wconf 75' lang='lat' dir='ltr'>ante·</span> <span class='ocrx_word' id='word_1_226' title='bbox 770 3837 840 3888; x_wconf 82' lang='lat' dir='ltr'>forre</span> <span class='ocrx_word' id='word_1_227' title='bbox 859 3854 911 3888; x_wconf 88' lang='lat' dir='ltr'>non</span> <span class='ocrx_word' id='word_1_228' title='bbox 933 3839 1041 3905; x_wconf 69' lang='lat' dir='ltr'>ponet!</span> <span class='ocrx_word' id='word_1_229' title='bbox 1073 3839 1125 3890; x_wconf 78' lang='lat' dir='ltr'>Sed</span> <span class='ocrx_word' id='word_1_230' title='bbox 1147 3837 1230 3886; x_wconf 81' lang='lat' dir='ltr'>verior</span> <span class='ocrx_word' id='word_1_231' title='bbox 1242 3835 1295 3883; x_wconf 89' lang='lat' dir='ltr'>Vo-</span> 
     </span>
     <span class='ocr_line' id='line_1_34' title="bbox 203 3914 834 3980; baseline 0.008 -19"><span class='ocrx_word' id='word_1_232' title='bbox 203 3929 278 3978; x_wconf 77' lang='lat' dir='ltr'>quom</span> <span class='ocrx_word' id='word_1_233' title='bbox 301 3915 327 3962; x_wconf 91' lang='lat' dir='ltr'>ln</span> <span class='ocrx_word' id='word_1_234' title='bbox 350 3914 443 3964; x_wconf 75' lang='lat' dir='ltr'>Persas</span> <span class='ocrx_word' id='word_1_235' title='bbox 461 3915 605 3980; x_wconf 71' lang='lat' dir='ltr'>Imperator</span> <span class='ocrx_word' id='word_1_236' title='bbox 623 3931 728 3980; x_wconf 74' lang='lat' dir='ltr'>progre·</span> <span class='ocrx_word' id='word_1_237' title='bbox 770 3917 834 3980; x_wconf 84' lang='lat' dir='ltr'>piro.</span> 
     </span>
     <span class='ocr_line' id='line_1_35' title="bbox 203 3986 1296 4059; baseline 0.002 -21"><span class='ocrx_word' id='word_1_238' title='bbox 203 3989 318 4045; x_wconf 77' lang='lat' dir='ltr'>deretur,</span> <span class='ocrx_word' id='word_1_239' title='bbox 332 3987 429 4039; x_wconf 79' lang='lat' dir='ltr'>factum</span> <span class='ocrx_word' id='word_1_240' title='bbox 442 3988 516 4041; x_wconf 86' lang='lat' dir='ltr'>dicit.</span> <span class='ocrx_word' id='word_1_241' title='bbox 801 3993 814 4027; x_wconf 76' lang='lat'><strong><em>⁶</em></strong></span> <span class='ocrx_word' id='word_1_242' title='bbox 831 3994 886 4058; x_wconf 75' lang='lat' dir='ltr'>lpse</span> <span class='ocrx_word' id='word_1_243' title='bbox 897 4000 950 4059; x_wconf 79' lang='lat' dir='ltr'>port</span> <span class='ocrx_word' id='word_1_244' title='bbox 967 3996 1052 4044; x_wconf 63' lang='lat' dir='ltr'>ulrum</span> <span class='ocrx_word' id='word_1_245' title='bbox 1068 3986 1187 4055; x_wconf 66' lang='lat' dir='ltr'>[cm]</span> <span class='ocrx_word' id='word_1_246' title='bbox 1205 3988 1296 4040; x_wconf 76' lang='lat' dir='ltr'>biennii</span> 
     </span>
    </p>

    <p class='ocr_par' dir='ltr' id='par_1_14' title="bbox 204 4066 1296 4291">
     <span class='ocr_line' id='line_1_36' title="bbox 236 4066 1295 4138; baseline 0.002 -22"><span class='ocrx_word' id='word_1_247' title='bbox 236 4067 391 4117; x_wconf 72' lang='lat' dir='ltr'>‘Proditore</span> <span class='ocrx_word' id='word_1_248' title='bbox 410 4069 460 4133; x_wconf 83' lang='lat' dir='ltr'>ipro</span> <span class='ocrx_word' id='word_1_249' title='bbox 481 4071 552 4136; x_wconf 81' lang='lat' dir='ltr'>duee]</span> <span class='ocrx_word' id='word_1_250' title='bbox 576 4070 657 4136; x_wconf 78' lang='lat' dir='ltr'>‘Ipso</span> <span class='ocrx_word' id='word_1_251' title='bbox 679 4070 730 4120; x_wconf 78' lang='lat' dir='ltr'>Te·</span> <span class='ocrx_word' id='word_1_252' title='bbox 769 4072 878 4138; x_wconf 68' lang='lat' dir='ltr'>inperii]</span> <span class='ocrx_word' id='word_1_253' title='bbox 894 4073 958 4124; x_wconf 83' lang='lat' dir='ltr'>Quis</span> <span class='ocrx_word' id='word_1_254' title='bbox 971 4069 1112 4119; x_wconf 70' lang='lat' dir='ltr'>urceolum</span> <span class='ocrx_word' id='word_1_255' title='bbox 1129 4066 1173 4121; x_wconf 78' lang='lat' dir='ltr'>rit,</span> <span class='ocrx_word' id='word_1_256' title='bbox 1189 4081 1295 4129; x_wconf 73' lang='lat' dir='ltr'>quaero:</span> 
     </span>
     <span class='ocr_line' id='line_1_37' title="bbox 205 4141 1296 4213; baseline 0.006 -24"><span class='ocrx_word' id='word_1_257' title='bbox 205 4141 271 4190; x_wconf 86' lang='lat' dir='ltr'>trien</span> <span class='ocrx_word' id='word_1_258' title='bbox 280 4145 423 4194; x_wconf 78' lang='lat' dir='ltr'>exercitum</span> <span class='ocrx_word' id='word_1_259' title='bbox 432 4161 504 4195; x_wconf 86' lang='lat' dir='ltr'>mom</span> <span class='ocrx_word' id='word_1_260' title='bbox 515 4147 653 4211; x_wconf 80' lang='lat' dir='ltr'>prodente,</span> <span class='ocrx_word' id='word_1_261' title='bbox 661 4145 730 4213; x_wconf 86' lang='lat' dir='ltr'>quod</span> <span class='ocrx_word' id='word_1_262' title='bbox 770 4164 818 4200; x_wconf 81' lang='lat' dir='ltr'>rreo</span> <span class='ocrx_word' id='word_1_263' title='bbox 828 4164 870 4200; x_wconf 77' lang='lat' dir='ltr'>mo</span> <span class='ocrx_word' id='word_1_264' title='bbox 880 4146 986 4212; x_wconf 70' lang='lat' dir='ltr'>fogltde</span> <span class='ocrx_word' id='word_1_265' title='bbox 995 4144 1101 4206; x_wconf 64' lang='lat' dir='ltr'>trlpinto</span> <span class='ocrx_word' id='word_1_266' title='bbox 1110 4145 1226 4206; x_wconf 72' lang='lat' dir='ltr'>tyrannii</span> <span class='ocrx_word' id='word_1_267' title='bbox 1237 4146 1296 4196; x_wconf 81' lang='lat' dir='ltr'>Cel·</span> 
     </span>
     <span class='ocr_line' id='line_1_38' title="bbox 204 4220 1296 4291; baseline 0.007 -22"><span class='ocrx_word' id='word_1_268' title='bbox 204 4220 370 4285; x_wconf 74' lang='lat' dir='ltr'>ejurarelerr</span> <span class='ocrx_word' id='word_1_269' title='bbox 385 4221 455 4276; x_wconf 78' lang='lat' dir='ltr'>serre</span> <span class='ocrx_word' id='word_1_270' title='bbox 473 4238 525 4276; x_wconf 88' lang='lat' dir='ltr'>non</span> <span class='ocrx_word' id='word_1_271' title='bbox 542 4224 647 4291; x_wconf 65' lang='lat' dir='ltr'>posset!</span> <span class='ocrx_word' id='word_1_272' title='bbox 679 4225 730 4276; x_wconf 76' lang='lat' dir='ltr'>Vo-</span> <span class='ocrx_word' id='word_1_273' title='bbox 770 4226 990 4279; x_wconf 73' lang='lat' dir='ltr'>innotuerim</span> <span class='ocrx_word' id='word_1_274' title='bbox 1006 4227 1126 4272; x_wconf 74' lang='lat' dir='ltr'>ortorum</span> <span class='ocrx_word' id='word_1_275' title='bbox 1145 4222 1296 4278; x_wconf 76' lang='lat' dir='ltr'>oPolliooo</span> 
     </span>
    </p>
   </div>
   <div class='ocr_carea' id='block_1_12' title="bbox 0 0 1516 5026">
    <p class='ocr_par' dir='ltr' id='par_1_15' title="bbox 0 0 1516 5026">
     <span class='ocr_line' id='line_1_39' title="bbox 0 0 1516 5026; baseline 0 2"><span class='ocrx_word' id='word_1_276' title='bbox 0 0 1516 5026; x_wconf 95' lang='lat' dir='ltr'> </span> 
     </span>
    </p>
   </div>
  </div>
 </body>
</html>
