3022 5026
340 350 454 398 onroo
478 333 616 399 connis
641 350 821 398 nonaum.
860 351 940 398 car.
967 350 999 397 v.
1171 333 1215 398 49

125 491 241 555 eodem
263 490 373 555 venit:
398 510 498 575 quam
518 491 655 574 quidam
678 492 845 557 memoriae
869 491 1083 575 prodiderunt
1106 491 1216 575 prirno

126 594 327 658 Carmentim
351 591 488 671 dictam,
512 599 587 677 post
604 593 838 671 >Nicostratum
858 595 899 657 de
922 592 1147 673 carminibus,¹²
1161 615 1215 671 eo,

127 697 215 781 quod
231 695 385 760 videlicet
399 695 543 759 omnium
559 695 725 761 literarum
744 696 956 780 peritissima,
969 695 1217 782 futurorumque

126 800 281 884 prudens,
297 798 453 864 versibus
475 817 592 862 canere
615 801 662 863 sit
684 799 805 864 solita:
828 798 913 863 adeo
935 805 973 862 ut
994 797 1143 882 plerique
1158 821 1214 865 ve·

124 903 200 980 lint,
216 921 279 965 non
294 908 359 965 tarn
376 900 483 984 ipsam
501 919 522 964 a
544 901 691 964 carmine
707 900 927 978 Carmentam,
940 919 1040 985 quam
1061 903 1217 980 carmina,

125 1025 149 1069 a
163 1024 232 1087 qua
246 1002 338 1067 dicta
353 1010 477 1079 essent,
493 1003 675 1085 appellata.
719 1004 752 1068 3.
777 1003 890 1087 Hujus
908 999 1098 1067 admonitu¹
1113 1011 1215 1068 trans-

126 1114 242 1172 vectus
263 1107 298 1170 in
320 1105 454 1170 ltaliam
477 1105 642 1181 Evander,
658 1106 701 1169 ob
714 1104 914 1189 singularem
933 1107 1155 1173 eruditionem
1169 1116 1220 1171 at·

126 1229 194 1293 que
219 1209 391 1272 scientiam
417 1207 595 1285 literarum,
615 1207 708 1271 brevi
734 1217 883 1291 tempore
905 1209 938 1272 in
963 1209 1219 1275 familiaritatem

128 1312 235 1376 Fauni
255 1331 292 1376 se
316 1309 508 1388 insinuavit,
529 1316 631 1393 atque
654 1311 697 1373 ab
718 1331 760 1374 eo
781 1310 990 1394 hospitaliter
1011 1312 1219 1396 benigneque

128 1423 305 1499 exceptus,
320 1434 387 1479 nou
408 1432 548 1497 parrum
572 1413 643 1495 agri
665 1412 801 1477 modum
824 1413 867 1478 ad
892 1412 1102 1477 incolendum
1124 1434 1218 1479 acce-

127 1518 198 1602 pit;
221 1537 319 1599 quem
334 1517 404 1580 suis
419 1515 601 1580 comitibus
617 1513 795 1591 distribuit,
806 1514 1028 1579 exaedificntis
1042 1513 1221 1580 domiciliis

128 1621 162 1684 in
176 1640 215 1684 eo
230 1625 355 1694 monte,
367 1637 464 1701 quem
480 1617 589 1700 primo
605 1624 676 1679 tum
698 1615 749 1679 illi
764 1636 784 1680 a
800 1613 968 1680 Pallantek
990 1617 1221 1693 Pallanteum,¹

130 1729 251 1806 postea
271 1741 335 1785 nos
348 1719 546 1785 Palatiumm
569 1716 738 1781 diximus:
761 1719 873 1801 ibique
890 1719 973 1782 Pani
989 1718 1066 1784 Deo
1089 1720 1221 1786 sanum¹¹

130 1823 318 1888 dedicarit:
341 1822 467 1906 quippe
490 1821 520 1883 is
550 1820 725 1885 familiaris
751 1820 909 1889 Arcadiae
935 1820 1031 1887 Deus
1053 1829 1114 1903 est,
1137 1831 1221 1890 testo

131 1926 231 1991 otiam
248 1920 399 2004 Marone,
416 1924 473 2007 qui
488 1924 548 2001 ait,

217 2026 292 2093 Pon
308 2027 403 2094 Deus
417 2027 597 2094 Arcadiae⁰
611 2034 747 2110 captam
762 2034 807 2105 te,
822 2027 926 2106 Luna,
941 2028 1075 2093 fefollit:

131 2131 174 2195 Et
188 2130 278 2210 item,

218 2233 290 2297 Pan
306 2232 428 2298 etiarnp
444 2230 592 2298 Arcadia
607 2251 736 2296 mecum
752 2232 782 2295 si
792 2231 908 2314 judice
925 2239 1045 2299 cantet.

131 2337 162 2400 4.
184 2334 315 2400 Primus
326 2335 440 2417 itaque
455 2335 601 2399 omnium
619 2333 773 2398 Evander
788 2333 929 2399 Italicos
947 2336 1095 2401 homines
1112 2337 1222 2419 legero

132 2446 165 2504 et
187 2439 328 2504 scribere
350 2436 494 2515 edocuit,
510 2435 623 2513 literis,
634 2437 755 2520 partim
772 2457 858 2520 quas
878 2439 971 2522 ipseq
987 2448 1086 2504 antea
1099 2439 1220 2506 didico-

587 2581 764 2604 ‘comunes

161 2678 229 2728 Car.
242 2692 268 2727 r.
293 2681 310 2727 8
326 2677 473 2727 ‘Palatium
507 2677 566 2726 Hoc
578 2677 636 2727 loco
648 2677 674 2726 io
691 2678 809 2740 margine
823 2686 973 2743 reposuerat
990 2681 1112 2730 Sobottrrr
1122 2689 1149 2730 et
1165 2683 1223 2745 Syl·

132 2743 248 2805 burgiur:
268 2742 479 2791 duplarium!
498 2742 585 2791 Arntz.
619 2743 685 2792 Vide
705 2745 780 2793 Notl.
796 2745 857 2792 Var.
889 2745 1017 2795 ‘Marone
1039 2747 1116 2795 Prior
1137 2747 1222 2809 Virgi-

133 2810 160 2857 lii
174 2810 243 2856 locur
252 2815 324 2856 extat
333 2807 429 2870 θοοῖς.
438 2811 545 2857 mutili.
557 2809 631 2865 ulter,
643 2809 758 2857 Bucolic.
768 2809 864 2872 Ecloga
874 2823 911 2858 ιν.
924 2811 966 2858 ubi
983 2815 1056 2860 certet
1072 2813 1165 2873 legitur
1178 2827 1224 2872 pro

131 2871 229 2922 contet)
240 2872 409 2935 Subura-4
418 2873 538 2922 ‘Litteris
547 2874 635 2936 purtim
645 2889 702 2935 quor
712 2875 770 2937 ipre.
796 2875 900 2940 Requiri
914 2875 1015 2923 ridetur
1027 2876 1086 2924 tulis
1096 2878 1223 2938 quapiam

133 2939 226 2989 lectio:
241 2939 331 3002 purtim
341 2952 398 3001 quur
407 2937 455 3002 ipre
465 2939 597 2996 invenerat,
605 2941 694 3002 portior
702 2955 759 3003 quor
769 2955 784 2986 o
794 2939 913 2989 oeteribru
928 2946 984 2989 arte
997 2941 1121 2990 didicerat.
1155 2941 1225 2990 Plin.

628 3068 736 3121 Norffi

168 3165 234 3216 bne
249 3166 403 3231 omninibus]
422 3166 587 3217 Carmentem
605 3166 658 3216 dic·
699 3168 766 3218 sunt
786 3168 829 3232 qni
849 3167 931 3217 velint
950 3183 965 3217 ι
984 3165 1113 3218 balatibus
1130 3168 1225 3224 orium.

134 3250 187 3292 taur
206 3242 239 3291 de
260 3243 425 3292 carminibus.
459 3242 537 3291 Ouid.
555 3243 626 3293 Fert.
640 3256 660 3292 r.
699 3252 799 3292 mutata
820 3245 906 3306 litera,
920 3245 960 3294 rel
981 3259 995 3293 ι
1016 3244 1080 3293 Pele
1104 3246 1225 3308 partoruli

134 3320 212 3383 ‘lusu
224 3333 308 3380 roone,
318 3335 375 3383 qna
384 3332 476 3367 nomen
487 3317 567 3367 babes
579 3333 659 3368 rcrr·
701 3320 774 3380 θεας
792 3328 847 3382 rut,
860 3330 888 3371 ut
903 3322 1007 3372 Silenus
1024 3321 1124 3384 probat,
1141 3335 1157 3369 ι
1174 3322 1226 3370 Ρι-

134 3395 337 3449 minodoetnnrss
700 3396 788 3446 lantbe
800 3397 963 3462 Hyperborei
979 3397 1049 3448 fitia!
1079 3397 1148 3448 Vide
1164 3398 1225 3448 Fer·

165 3471 172 3507 ¹
189 3472 269 3536 Hujru
279 3471 413 3534 admonitu]
429 3467 490 3521 Vid.
502 3470 659 3523 ovidl'rir.
702 3473 793 3523 lumin
806 3488 869 3524 roce
881 3472 1044 3525 ‘Palatium-⁸
1301 3464 1306 3471 ’

135 3565 154 3601 ι.
164 3555 222 3600 trs.
231 3551 273 3617 qni
284 3551 350 3599 lianc
360 3549 494 3599 birtorirm
504 3548 561 3599 iure
572 3563 660 3613 perre-
734 3557 745 3583 ¹
762 3551 844 3615 Ibique
859 3551 922 3600 Prori
936 3552 988 3602 Deo
998 3550 1100 3616 surum]
1119 3550 1181 3601 Fuit
1197 3557 1227 3602 et

135 3629 230 3693 quitor.
700 3626 773 3692 rylre
783 3628 866 3677 eidem
879 3627 944 3677 Puni
955 3634 1112 3677 consecrata.

166 3703 351 3768 replumi]
368 3702 482 3754 Evandri
496 3703 557 3753 tilio.
733 3704 816 3754 ⁰Prrn
834 3704 902 3754 Dour
921 3702 1046 3766 Arcadiae]
1069 3704 1166 3766 θεοῖς.
1184 3717 1226 3752 ιιι.

169 3780 176 3815 ¹
201 3777 363 3841 Pallanteum]
394 3777 467 3840 Virg.
493 3779 546 3827 ‘Et
574 3779 661 3829 nobile
700 3785 757 3832 892.
773 3781 1225 3845 ⁴Monerericnireolrrnae(ricre·

137 3854 317 3908 Pallanteum:
350 3855 417 3904 ltern
429 3853 437 3880 ‘
451 3854 578 3904 Pallantir
588 3870 660 3920 prou·
701 3857 763 3907 dere
775 3857 952 3921 dignumst.)
962 3859 1019 3909 Pru
1028 3860 1119 3916 Deos,¹
1129 3862 1179 3909 dte.

136 3935 160 3984 ri
169 3933 311 3983 denomino
322 3931 504 3982 Pallanteum!
733 3942 746 3976 ν
763 3935 909 3999 Pontiam]
927 3936 1015 4000 belog.
1026 3950 1068 3986 ιν.

168 4019 186 4046 ¹¹
203 4011 292 4061 Portet
302 4023 345 4058 nor
360 4008 494 4072 Polotirun]
511 4007 591 4057 Solio.
603 4022 661 4072 cup.
732 4019 745 4054 ⁴1
762 4013 862 4074 biteris,
872 4014 960 4076 partior
970 4028 1028 4077 quar
1038 4013 1099 4077 ipre]
1116 4014 1226 4079 Partim,

137 4101 157 4136 r.
173 4086 324 4140 ‘Prlrtinnr
342 4099 417 4134 nemo
430 4084 589 4135 dubitaverit
601 4084 662 4148 quio
701 4087 762 4152 quir
774 4097 801 4141 et
813 4090 870 4155 ipre
885 4089 1009 4155 quaedem
1027 4090 1155 4141 invenisse
1173 4101 1225 4141 tra·

138 4161 254 4213 Arcadas
271 4162 366 4211 hubert
384 4171 513 4220 suctores,
535 4178 550 4214 a
572 4162 662 4228 quibu·
702 4162 779 4214 ditur.

137 4241 247 4305 primurn
269 4239 431 4288 Pellanteurn
456 4241 590 4307 oppidum,
613 4242 662 4289 dre.

202 4319 290 4386 Delpi.
300 4325 324 4370 et
337 4319 393 4370 Ver.
406 4321 470 4372 Cler.
612 4322 696 4373 Aurei.
708 4321 770 4374 Vter.
1135 4326 1161 4375 D
