3022 5026
323 368 437 418 osteo
461 367 599 417 esuris
623 367 804 418 nonaum.
841 368 921 417 ore.
939 368 1027 417 xxr.
1175 352 1219 419 73

119 510 154 574 in
168 509 330 588 Tiberim,
346 513 405 595 qui
421 518 491 576 tum
506 510 637 593 magnis
653 510 814 577 imbribus
829 510 1064 595 stagnaverat*
1087 513 1217 598 abjece-

121 621 218 678 tunt:
242 613 384 698 ejusque
399 614 541 697 regionis
556 613 718 678 subulcus
731 614 923 689 Faustulus,
947 615 1143 698 speculatus
1157 636 1218 681 ex·

120 722 295 800 ponentes,
315 724 352 781 ut
374 716 458 782 vidit
473 717 643 782 relabente
666 715 801 781 flumine
828 717 1024 792 alveum,·in
1040 739 1108 802 qno
1123 718 1219 803 pueri

122 826 225 896 eraut,
248 819 435 883 obhaesisse
452 820 495 884 ad
512 822 664 885 arborem
685 820 753 898 fici,
779 839 1027 905 puerorumque
1042 822 1153 902 vagitu
1168 821 1218 885 lu·

97 987 101 994 ,
120 940 201 1005 pum
216 923 376 998 excitam,
392 942 469 1005 quae
484 933 619 1005 repente
632 923 773 1000 exierat,
798 925 904 1007 primo
930 923 1069 987 lambitn
1090 941 1149 986 eos
1165 922 1219 986 de·

121 1024 275 1100 tersisse,
291 1025 367 1088 dein
387 1025 606 1091 lavandorum
626 1027 763 1090 uberum
780 1024 890 1107 gratie
904 1043 1069 1089 mammas
1084 1025 1220 1106 praebu-

121 1127 211 1206 isse;
234 1127 407 1193 descendit
421 1148 462 1194 ac
478 1127 618 1193 sustulit
631 1128 892 1211 nutriendosque
906 1127 1011 1191 Accae
1028 1120 1220 1204 Larentiae,¹

122 1230 222 1294 uxori
233 1250 318 1309 suae,
333 1231 434 1308 dedit,
445 1239 483 1296 ut
496 1232 648 1295 scribunt
661 1230 787 1294 Ennius
799 1231 859 1294 lib.
871 1237 918 1294 1.'¹¹
932 1236 965 1293 et
976 1228 1093 1294 cnsar
1105 1228 1165 1293 lib.
1177 1244 1219 1292 ιι.

122 1332 154 1395 4.
178 1330 320 1397 Addunt
342 1332 507 1417 quidam,¹²
530 1331 694 1398 Faustulo
722 1332 942 1416 inspectante,
959 1331 1069 1415 picum
1085 1350 1220 1415 quoque

123 1432 312 1513 advolasse,
327 1444 363 1501 et
377 1455 434 1500 ora
451 1436 548 1519 pleno
562 1437 676 1499 cibum
685 1437 805 1519 pueris
816 1435 1013 1517 ingessisse:
1035 1433 1115 1498 inde
1125 1431 1221 1497 vide·

121 1536 203 1602 licet
216 1538 333 1622 lupum
349 1539 528 1622 picumque
543 1537 676 1603 Martiae
692 1538 806 1602 tutelae
820 1557 909 1601 esse.
953 1535 1115 1601 Arborem
1131 1555 1217 1618 quo·

122 1659 187 1724 que
212 1641 301 1704 illam
330 1640 548 1705 Ruminalem
575 1639 700 1703 dictam
732 1641 826 1703 circa
848 1659 949 1721 quam
974 1639 1068 1723 pueri
1096 1636 1219 1723 abjecti

122 1748 227 1818 erant,
244 1742 334 1826 quod
347 1743 420 1826 ejus
436 1745 498 1807 sub
514 1743 633 1806 umbra
648 1761 753 1826 pecus
769 1742 990 1824 acquiescens
1005 1740 1142 1804 meridie
1164 1759 1218 1805 ru·
1247 1740 1250 1748 ‘

121 1845 249 1909 minare
266 1829 311 1909 sit
326 1845 484 1909 solitum.⁰

579 1943 759 1967 nemnem

123 2024 272 2088 '‘Roptsm
285 2024 345 2074 ieret
358 2026 397 2074 sel
408 2027 500 2077 esimt
512 2028 584 2078 toslit
596 2029 683 2092 legere
696 2027 820 2078 Armua.
838 2035 866 2078 et
880 2026 1002 2090 ‘repere'
1020 2026 1125 2090 proprie
1140 2026 1218 2076 tribui

121 2089 200 2152 lupis,
211 2091 289 2140 docte
309 2091 414 2154 letoque
433 2093 564 2142 ostendit!
578 2093 651 2144 liert.
683 2092 771 2143 ‘Aeco
786 2094 917 2143 larentia.
943 2092 974 2142 lu
987 2093 1052 2141 Mss.
1069 2099 1220 2142 constenter

121 2155 310 2207 scaturentia.-
340 2157 475 2207 emendssi
497 2157 569 2207 Acce
587 2159 709 2208 Larestioe
728 2159 891 2224 transpositis
908 2156 1000 2218 literis,
1021 2157 1089 2222 quod
1112 2158 1218 2219 propius

122 2220 198 2270 sbest
216 2235 231 2270 s
244 2221 345 2283 scripte
356 2222 477 2279 lectione,
488 2238 564 2289 quem
576 2224 646 2291 quod
655 2226 681 2273 iu
694 2224 805 2288 vulgetis
816 2223 870 2274 lere
880 2223 952 2274 Acca
962 2221 1117 2273 Laurentia?
1127 2221 1219 2272 Schot-

123 2291 172 2337 tus.

616 2353 722 2404 Nom

155 2443 649 2514 kdisserisistsbrilisrsslessuicensi]lloe
688 2458 831 2516 supersunt.
864 2450 971 2501 Periere
994 2450 1072 2500 etism
1090 2463 1147 2514 qus
1169 2448 1218 2498 lrrte

123 2530 180 2573 est:
197 2533 304 2589 propter
321 2541 426 2592 mugnus
441 2527 536 2578 imbres
546 2529 649 2593 quietus
690 2528 865 2593 pertinebunt·
890 2527 921 2578 lu
931 2527 997 2576 serie
1009 2534 1095 2577 tsmeu
1107 2525 1164 2589 ejus
1174 2539 1218 2574 su·

122 2598 207 2651 fectus
218 2595 284 2665 etet,
295 2613 323 2654 et
334 2605 501 2669 placidaaut
512 2605 587 2656 solet.
614 2607 650 2656 Et
689 2605 785 2655 nsliutu
808 2619 842 2654 οι
858 2606 905 2655 hoe
923 2605 981 2653 luco
999 2603 1098 2654 Paulus
1116 2601 1219 2651 Merula

122 2676 172 2728 boe
182 2680 297 2742 explicet
315 2680 371 2730 Lis.
387 2682 462 2731 libs.
482 2682 576 2731 ‘Forte
586 2696 650 2747 que·
690 2680 738 2731 ltoc
759 2682 830 2746 qussi
847 2681 984 2745 genuinum
997 2680 1071 2730 Ennii
1088 2677 1219 2742 sregmett·
1286 2691 1289 2696 ’

123 2751 183 2801 dsm
196 2753 318 2804 divinitus
329 2770 406 2818 super
419 2757 487 2821 ripss
500 2757 600 2807 Tiberis
610 2757 649 2808 sl'·
691 2767 744 2807 tunt
757 2757 875 2820 reponit:
887 2756 896 2785 ‘
906 2758 977 2806 Aees
988 2754 1129 2806 Lsreutls!

122 2825 196 2877 turns
213 2830 312 2879 leuibus
330 2835 436 2894 stagnis,
454 2848 503 2884 trec
522 2835 587 2884 adiri
608 2850 650 2885 us·
712 2842 735 2893 ,¹¹
751 2834 851 2884 Addunt
867 2832 975 2898 quidum]
991 2831 1154 2882 otietur.
1174 2842 1219 2880 ttt.

123 2922 200 2973 quem
217 2909 249 2958 sd
262 2909 328 2972 justi
345 2926 446 2962 cursum
470 2921 574 2976 poterat
598 2928 650 2962 sm·
691 2913 788 2962 ‘laete
807 2912 862 2975 quis
879 2909 992 2959 inientes
1008 2908 1092 2958 nescit
1105 2906 1219 2956 crevisse

122 2984 178 3034 uls:
190 2992 217 3033 et
230 2999 305 3048 posse
315 2988 429 3052 quamtis
440 2989 562 3051 languide
570 2990 650 3054 mergi
691 2987 786 3047 lemno,
798 2988 832 3036 Et
848 2987 935 3050 picum
953 2985 1079 3048 expositis
1095 2997 1165 3047 saepe
1179 2991 1220 3033 tu·

124 3073 192 3123 sque
209 3057 329 3119 inientes,
352 3077 424 3126 spem
443 3061 587 3114 ferentibus
606 3063 651 3114 ds·
691 3064 752 3113 lisse
767 3061 861 3112 cibos?
888 3061 957 3110 Vide
972 3059 1106 3109 Plutarch.
1125 3060 1151 3108 ln
1165 3059 1220 3108 slts

124 3134 189 3186 bet!
270 3173 273 3176 -
692 3138 806 3187 Romuli.

156 3211 248 3263 ¹Aeess
269 3213 403 3279 Laertie]
428 3216 537 3279 Optime
559 3216 651 3266 hren·
723 3223 736 3248 ⁰
753 3212 1036 3276 Rsnimresitselitsss]
1049 3212 1145 3262 Melius
1153 3214 1219 3264 Ver·

124 3290 183 3350 tia,·
210 3293 277 3340 mele
302 3293 346 3355 qul
374 3292 530 3341 domesticis
545 3293 652 3362 dicant.
692 3291 885 3354 sospudFsst.
905 3288 1220 3339 ‘Ruminalistieusdicts

123 3365 195 3416 Fsst·
219 3368 289 3416 Elui.
308 3367 358 3430 Np.
379 3368 387 3394 ‘
405 3368 581 3418 Larentlnslis
598 3368 650 3417 Ne·
691 3367 760 3432 quod
781 3367 830 3416 sub
846 3381 878 3417 es
896 3367 988 3414 eruore
1007 3365 1067 3427 lnps
1084 3378 1219 3414 msmmsut

123 3440 320 3504 interminio!
691 3443 765 3492 dedit
776 3442 857 3492 Remo
869 3449 898 3490 et
910 3440 1027 3490 Romulo.
1052 3439 1219 3489 Mstumssu·

156 3527 174 3553 Ι
191 3519 286 3567 Easiss
303 3517 344 3569 itt.
362 3519 395 3583 t.]
414 3520 541 3572 Quinctns
554 3520 651 3571 Ennius
693 3527 745 3569 tem
757 3519 834 3568 tumis
845 3517 949 3572 dicitur,
960 3516 1064 3565 undeet
1075 3515 1164 3565 rustici
1174 3531 1220 3579 sp·

122 3596 203 3661 poete
213 3594 324 3645 celebris
337 3597 381 3659 qui
393 3598 498 3647 snnsles
509 3598 614 3662 scripsit
624 3608 652 3649 et
691 3598 790 3661 pellent
811 3595 899 3645 ltoedos
914 3595 1059 3652 subrumos,
1076 3593 1120 3658 qui
1136 3591 1221 3643 stlltue

123 3674 226 3738 sstirss,
248 3685 355 3738 quornm
385 3670 531 3737 fragments
553 3682 651 3725 rentum
691 3672 1019 3726 srtmsmmubrbentur:

536 3810 819 3847 m

550 3928 654 3996 ctt’.
684 3929 800 3995 xxt.

125 4062 340 4113 messuerunt.
374 4059 459 4109 Aliter
475 4058 568 4108 iterum
589 4056 623 4106 de
639 4056 747 4106 Romulo
766 4062 795 4105 et
815 4055 899 4105 Remo
918 4055 1038 4106 relatum.
1070 4056 1219 4122 Lupsnsris

240 4141 307 4191 uude
318 4141 398 4190 diets.
433 4139 529 4189 Amulii
540 4138 635 4192 eredes.
669 4139 795 4188 Romulus
807 4144 835 4189 et
845 4137 941 4187 Remus
952 4138 1021 4188 uude
1032 4137 1105 4190 dieti.

169 4242 201 4307 1.
220 4241 278 4307 Au
294 4259 373 4309 sero
386 4237 572 4307 Valerius?
594 4237 703 4321 tradit,
725 4256 847 4323 pueros
861 4256 905 4305 ex
920 4236 1017 4308 Rhea
1030 4237 1146 4325 Sylva
1159 4258 1216 4308 na·
