3022 5026
337 345 453 395 orreo
475 343 613 399 sunnis
636 345 817 399 suusne.
861 346 942 399 ose.
968 347 1054 396 xrx.
1192 335 1236 405 71

145 491 299 558 hostibus
314 497 503 574 prostratus
518 496 582 569 est,
605 511 646 557 uc
661 493 814 577 sepultus
836 491 927 558 circu
948 491 1078 559 radices
1099 496 1236 578 montis,

147 596 203 662 eui
216 614 262 661 cx
278 614 316 661 se
331 614 453 661 nomen
468 593 571 673 dedit,
585 603 625 661 ut
637 596 755 661 scribit
768 594 881 664 Julius
896 595 1013 664 Coesnr
1023 595 1081 661 lib
1097 612 1139 662 rr.

563 1013 670 1082 cAP.
702 1014 816 1082 XIX.

142 1167 353 1218 Aueuurruorr.
380 1167 423 1218 Ab
434 1167 481 1217 boe
493 1139 595 1232 Sylvius
607 1165 705 1217 Proesr
718 1181 775 1219 rex.
800 1167 861 1218 Filii
874 1168 931 1233 ejus
944 1170 1099 1221 Numitoret
1111 1170 1236 1222 Amulius.

180 1247 297 1300 Amulius
308 1264 415 1314 regnum
427 1249 538 1299 obtinet.
572 1250 615 1299 Dc
628 1249 702 1299 llbes
713 1249 802 1313 sylvis
814 1250 935 1316 ustisque
947 1251 1056 1302 Romulo
1067 1261 1094 1303 et
1106 1254 1195 1303 Remo.

181 1380 213 1444 1.
230 1380 328 1445 Puer
340 1401 413 1447 eum
428 1380 565 1464 Sylvius
577 1379 732 1458 Proces,¹
747 1399 807 1444 rex
817 1378 1037 1459 Albanorum,
1049 1384 1134 1447 duos
1147 1383 1234 1451 tilios

141 1481 348 1549 Numitorem
362 1490 396 1549 et
411 1481 585 1548 Amulium
606 1484 712 1567 eequis
737 1480 892 1567 pertibus
906 1485 1056 1551 heoredes
1078 1488 1234 1553 instituit.

138 1586 171 1655 2.
194 1587 281 1654 Tum
297 1585 451 1653 Amulius
466 1588 499 1650 in
513 1606 581 1652 unu
601 1591 697 1668 purte
711 1606 847 1668 regnum
873 1589 1114 1667 tantummodo,
1138 1591 1170 1655 iu
1186 1591 1232 1657 al-

140 1699 212 1754 tere
226 1691 330 1754 totius
345 1689 536 1772 patrimonii
553 1707 728 1762 summum,
753 1696 853 1772 etque
872 1709 1000 1753 omnem
1023 1698 1234 1775 paternorum

137 1794 302 1856 bonorum
315 1793 538 1855 substantium
555 1792 680 1873 posuit,
697 1791 854 1875 fratrique
866 1791 1045 1871 Numitori,
1056 1796 1112 1879 qui
1127 1796 1233 1880 mujor

138 1902 221 1959 netu
236 1903 319 1969 erut,
330 1895 501 1978 optionem
517 1892 621 1969 dedit,
635 1900 673 1957 ut
686 1912 730 1959 ex
744 1892 808 1970 bis,
825 1898 932 1957 utrum
948 1896 1071 1969 mullet,
1087 1897 1232 1980 eligeret.

140 1994 300 2061 Numitor
313 2015 391 2061 cum
412 1996 577 2081 privatum
594 2014 691 2060 omne
705 2015 780 2060 cum
795 1994 1009 2062 facultatibus
1031 2017 1132 2081 reguo
1148 2021 1233 2083 pree.

139 2098 286 2178 tulisset,
303 2099 459 2164 Amulius
474 2117 610 2180 regnum
625 2097 783 2163 obtinuit.
827 2098 860 2165 3.
877 2096 978 2177 Quod
994 2109 1033 2165 ut
1048 2102 1233 2171 tlrmissime

138 2201 340 2285 possideret,
357 2201 543 2268 Numitoris
557 2202 668 2266 fratris
683 2201 736 2265 sui
760 2201 887 2267 tilium·
907 2202 941 2267 iu
955 2206 1105 2269 venundo
1123 2208 1233 2273 interi·

136 2304 294 2372 mudum
308 2306 448 2369 curuvit.
491 2305 523 2368 4.
546 2303 634 2369 Tum
648 2304 748 2369 etium
765 2302 894 2368 Rheunr
917 2305 1069 2390 Sylvium
1088 2308 1161 2392 ejus
1177 2330 1231 2376 so·

138 2425 244 2471 rorem
274 2406 484 2474 sacerdotem
515 2405 630 2472 Vestes
657 2407 728 2470 fieri
753 2405 883 2490 jussit,b
913 2407 1071 2475 simulato
1091 2415 1232 2490 somnio,

137 2532 207 2596 qno
220 2509 411 2576 admonitus
429 2511 473 2575 sb
497 2510 614 2576 eedem
632 2509 708 2574 Dee
722 2515 823 2587 esset,
840 2520 877 2575 ut
899 2511 934 2578 id
959 2512 1074 2596 tieret3
1096 2535 1174 2582 cum
1195 2537 1231 2584 re

135 2629 214 2680 veru
227 2614 278 2679 ite
291 2611 477 2679 iaciendum
492 2613 557 2679 sibi
571 2613 789 2690 existimaret,
803 2613 1029 2696 periculosum
1044 2615 1181 2696 ducens,
1190 2639 1231 2686 ne

137 2717 216 2800 quis
238 2735 283 2780 ex
302 2735 343 2780 ee
361 2724 568 2793 nasceretur,
595 2716 654 2799 qni
678 2717 787 2780 evites
807 2725 1063 2801 persequeretur
1076 2721 1229 2804 injurius,

136 2827 176 2884 ut
191 2819 308 2883 scribit
321 2818 478 2884 Valerius
495 2817 639 2885 Autiss⁰
652 2819 711 2883 lib.
729 2835 754 2883 1.
796 2822 829 2883 5.
853 2819 901 2885 At
914 2840 994 2886 vero
1010 2820 1149 2887 Murcus
1164 2823 1229 2888 00-

136 2922 263 3000 tsvius,
293 2927 327 2987 et
355 2922 508 2988 Licinius
539 2915 679 2985 btucer‘¹
702 2920 851 2998 trudunt,
878 2920 1045 2986 Amulium
1074 2931 1230 3007 patruum

137 3023 244 3091 Rbeee
259 3026 451 3104 sucerdotis,
465 3044 579 3090 amore
594 3023 668 3105 ejus
683 3031 832 3106 ceptum,
855 3024 972 3088 nubilo
993 3025 1081 3090 coelo
1108 3027 1228 3092 obscu-

136 3148 241 3214 reque
256 3129 343 3205 sere,
356 3149 434 3194 cum
449 3129 589 3213 primum
605 3125 803 3192 illucescere
818 3127 994 3211 coepisset,
1010 3129 1044 3194 in
1059 3149 1156 3196 usum
1172 3151 1227 3198 su·

53 3300 58 3309 ,
135 3249 264 3299 crurum
278 3252 399 3318 equum
414 3231 540 3315 petenti
556 3227 761 3307 insidiatum,
776 3230 811 3293 in
824 3228 902 3296 luco
918 3228 1039 3295 Martis
1062 3252 1229 3320 compres-

592 3383 772 3406 numum

168 3491 306 3540 esmxrx.
339 3486 492 3550 t‘Neqsis.
508 3486 583 3538 Quod
596 3501 646 3537 uon
662 3487 766 3538 rdditur
776 3488 838 3552 quid
851 3488 1019 3552 periculorum
1035 3490 1141 3541 duxerit
1149 3492 1228 3544 Amu-

132 3555 194 3618 tius,
204 3551 399 3604 rescribendum
407 3551 429 3600 si
438 3552 491 3616 puris
500 3553 603 3603 videtur
610 3553 747 3605 Gemuere!
758 3555 832 3605 Hert.

626 3684 734 3736 NOTAE

163 3781 288 3847 ¹Syluiur
306 3779 408 3845 Proca]
437 3781 564 3846 denovit
586 3784 658 3836 suuis
699 3784 746 3837 red
767 3793 796 3837 ot
817 3785 908 3834 Veste
930 3784 1075 3836 sucerdotis
1098 3785 1227 3852 emises,

135 3874 219 3914 xrrrr·
699 3872 730 3914 ut
749 3863 848 3928 optime
868 3860 935 3912 iutrs
959 3860 985 3910 tn
1008 3860 1064 3914 Vir.
1089 3862 1176 3914 ltturt.
1197 3865 1225 3920 is

167 3947 179 3976 ι
193 3935 298 3999 filisu]
311 3933 476 3996 ‘Egestum’
487 3935 602 3999 sppstlst
612 3936 659 3986 Di·
700 3939 794 3992 Proer.
824 3939 922 3990 Locsm
931 3936 983 3988 sdt.

134 4011 659 4080 seynplemrcr.‘AEnrrema'stit‘sw
732 4015 872 4064 evermu
887 4011 987 4079 Artius]
1012 4014 1080 4065 Vide
1096 4020 1223 4075 nutstriu

60 4107 63 4112 ’
136 4101 235 4157 gentum
245 4088 261 4138 ε’
278 4086 546 4138 nonnulli⁴1nnsrrnr'
558 4095 660 4143 vocent.
700 4099 859 4154 sugemem

165 4170 177 4205 b
194 4168 342 4220 smerdem
354 4164 588 4231 venenatumst]
599 4165 659 4216 Neu
730 4165 743 4204 ⁴
759 4168 858 4221 mm
876 4169 1001 4236 mma,
1012 4169 1156 4225 sums·
1169 4174 1227 4226 Hs·

133 4253 231 4298 tautum
239 4244 401 4297 secerdotum
409 4244 498 4296 Verte
507 4241 660 4311 fierijussit,
697 4245 750 4312 ce]
764 4245 920 4312 densum·
