3022 5026
279 388 345 453 328
576 403 692 452 sexus
717 401 881 452 sunnnu
906 401 1084 450 vroronrs

281 550 449 634 quoniam,
463 547 598 629 cognita
614 545 720 611 Probi
735 538 855 624 morte,
871 547 1087 613 harbarorum
1107 547 1232 631 quique
1255 566 1376 633 oppor-

280 657 359 717 tune
377 651 579 719 invaserunt,
603 649 708 713 misso
736 648 779 712 ed
817 649 1059 714 munimentum
1095 647 1221 715 Galbae
1249 650 1377 734 maiore

281 750 375 830 filio}
391 750 588 817 Numeriani
607 750 766 815 comitatu
788 749 821 813 in
838 749 1120 835 Mesopotamiam
1142 750 1252 836 pergit
1270 753 1376 834 proti·

280 876 367 935 nns3
390 854 481 938 quud
508 872 550 918 ea
574 852 754 917 Persarum
780 852 877 936 quasi
903 853 1032 918 solenni
1057 853 1148 918 bello
1174 855 1300 919 subest.
1343 854 1378 919 3.

282 956 349 1022 Ubi
370 957 458 1021 fusis
473 955 637 1032 hostibus,
652 954 731 1018 dum
752 954 866 1038 'gloriae
886 955 1073 1020 inconsulte
1096 956 1251 1033 avidius·
1266 955 1377 1022 Ctesi·

279 1059 420 1142 phonta,
437 1060 550 1123 urbem
572 1051 742 1122 Parthiae‘
768 1058 942 1142 inclytam,
959 1058 1211 1141 transgreditur,
1228 1058 1378 1124 fulminis

280 1169 372 1227 tactu
388 1160 618 1242 conflagravit.
654 1162 687 1224 4.
702 1159 742 1224 Id
755 1161 890 1246 quidam
901 1161 976 1246 jure
989 1162 1021 1243 ei
1035 1161 1203 1228 accidisse
1217 1162 1377 1229 referunt:

279 1284 359 1330 nam
374 1284 451 1329 cum
467 1263 608 1328 oracula
623 1263 844 1338 docuissent,⁸
859 1264 1023 1348 adusque
1039 1264 1198 1349 oppidum
1214 1284 1376 1330 memora·

279 1374 349 1433 tum
369 1366 534 1452 perueniri
557 1367 699 1432 uictoria
718 1366 833 1445 licere,
853 1368 988 1449 lougius
1005 1366 1138 1431 delatus
1161 1385 1284 1449 poenas
1304 1367 1376 1434 luit.

280 1472 313 1536 5.
335 1470 480 1535 Proinde
503 1466 667 1534 arduumh
691 1468 807 1534 satalia
823 1470 1013 1551 devertere3
1036 1489 1143 1554 eoque
1158 1469 1260 1533 futuri
1282 1471 1378 1534 notio

280 1573 456 1656 superflua.
500 1573 532 1636 6.
556 1571 602 1636 At
616 1570 855 1648 Numerianus,
870 1573 997 1637 amisso
1011 1580 1116 1656 putre,
1132 1571 1230 1636 simul
1245 1574 1376 1637 confec·

280 1685 349 1740 tum
365 1676 536 1740 aestimans
546 1675 684 1749 bellum,
697 1696 771 1740 cum
783 1677 967 1740 exercitum
982 1676 1181 1752 reductam,
1193 1674 1277 1759 Apri
1289 1695 1374 1759 prae·

279 1779 357 1843 fecti
371 1779 528 1862 praetorio
556 1775 681 1843 socerii
698 1778 831 1843 insidiis
845 1779 1057 1861 extinguitur.
1100 1780 1132 1844 7.
1155 1775 1243 1857 Quis
1258 1798 1374 1842 casum

283 2059 355 2120 potis,
366 2057 438 2121 (ride
449 2059 556 2123 vopisc.
569 2061 595 2109 in
606 2062 674 2110 Csro
684 2061 752 2123 lmp.
761 2059 864 2122 espa.)
879 2067 924 2109 sut
938 2059 1020 2111 dictis.
1037 2058 1112 2109 Cous.
1129 2057 1251 2118 Gruuer!
1269 2059 1375 2107 Hert—

279 2128 311 2170 ·s‘
321 2123 389 2184 Lege
399 2131 529 2187 opportuno
540 2127 677 2175 inusserunt
689 2124 829 2175 acosrssndi
839 2140 909 2184 cusu,
921 2125 947 2174 id
959 2134 1009 2185 est,
1018 2126 1068 2175 sibi
1080 2134 1107 2174 et
1119 2123 1212 2173 linibus
1225 2124 1277 2172 suis
1290 2124 1377 2186 stroxi-

282 2201 332 2235 ιιιι.
361 2189 548 2251 Mesopotunium
560 2202 689 2252 perpetuo
698 2191 790 2241 scribit
802 2205 850 2251 uer
861 2206 878 2240 ιι
890 2198 965 2240 vetus
978 2190 1071 2239 sodes.
1092 2191 1154 2239 Μοιι
1170 2189 1308 2238 inconsulta
1328 2205 1375 2250 per

281 2251 470 2315 diphthongum
485 2254 572 2303 idem?
589 2256 681 2305 Schott.
714 2257 777 2304 'l'um
793 2256 938 2304 Numeriano
950 2256 1084 2318 legebatur
1093 2264 1154 2304 suis
1166 2255 1264 2302 Schuu.
1280 2263 1306 2301 et
1320 2255 1378 2316 Syi-

280 2317 355 2377 hnrg.
369 2318 412 2381 qui
424 2327 470 2367 sut
483 2319 624 2368 Numeriani
635 2329 680 2368 aut
689 2323 815 2370 comitetur
826 2320 964 2383 legendum
977 2329 1078 2384 putant.
1096 2319 1377 2368 Numeriusooemiionte

281 2383 349 2444 conj.
362 2381 450 2430 Αιιιιι.
484 2384 548 2432 Mox
564 2384 643 2446 pergit
654 2392 767 2447 melenus
777 2385 940 2435 scribendum
950 2393 1026 2449 putat
1039 2384 1141 2433 Schott.
1158 2382 1267 2443 improb.
1282 2380 1375 2432 Arata.

282 2452 330 2495 -b
351 2447 424 2496 Notio
433 2447 524 2511 perfluo
535 2463 582 2511 pro
592 2450 711 2514 “perfluo
723 2451 772 2499 Ms.
785 2466 827 2514 up.
839 2451 990 2500 Senatu-e
1006 2449 1086 2512 ‘Apri
1096 2448 1211 2511 profecti.
1229 2448 1375 2509 Corruptus

282 2521 309 2561 et
326 2513 367 2561 hio
380 2521 452 2560 setus
464 2513 557 2570 codex,
573 2515 723 2577 Aproesecti,
734 2516 826 2566 omissa
837 2516 920 2566 alters
932 2515 1039 2578 syllsbs,
1048 2515 1115 2579 qssod
1131 2527 1241 2575 sequeus
1252 2513 1331 2561 dictio
1341 2514 1375 2563 ab

281 2576 371 2626 iisdem
381 2578 517 2628 eleureutis
525 2579 668 2630 inchoaret.
701 2582 797 2632 Dictus
809 2591 896 2632 sutem
913 2580 1020 2632 ‘Arrius
1032 2579 1120 2646 Aper’
1137 2579 1252 2643 Vopisco
1274 2578 1370 2628 Nume-

773 2710 883 2762 NOTAE

281 2804 399 2855 ‘Liberis
410 2806 556 2856 Cesaribus
568 2807 741 2872 nuncupatis!
758 2808 809 2858 Vo-
850 2809 900 2856 ism
919 2806 1048 2865 resltsrit,
1065 2822 1124 2872 qum
1141 2806 1294 2870 testitudine
1309 2821 1376 2855 mor-

281 2883 345 2944 pisc.
850 2893 922 2934 tuum
945 2885 1039 2934 Corum
1061 2885 1168 2935 scribit:
1191 2883 1289 2932 ‘Hunc
1310 2883 1377 2945 ego:

312 2959 644 3027 “elusanus-uniuersum
658 2961 748 3009 Guliioe
759 2976 808 3009 mu·
850 2962 944 3025 iuqrrit,
971 2962 1130 3025 ‘epistolum
1161 2959 1258 3009 idcirco
1285 2960 1377 3022 indidi,

275 3037 402 3100 jorefilio]
421 3038 524 3087 Carino.
537 3039 684 3103 Vopiscus:
702 3043 710 3067 ⁴
725 3039 759 3089 Et
772 3040 809 3088 ita
850 3037 916 3103 quod
929 3037 1044 3101 plerique
1056 3037 1149 3086 dicunt
1165 3037 1215 3085 vim
1233 3034 1281 3085 isti
1299 3053 1378 3099 quau·

281 3113 394 3178 qrsidem,
405 3122 433 3163 ut
443 3115 564 3165 Carinum
577 3115 608 3164 sd
621 3117 720 3166 Gallias
734 3125 808 3165 tuen·
850 3112 909 3161 darn
922 3127 989 3168 esse,
1001 3122 1027 3161 ut
1042 3113 1172 3161 Romanus
1184 3114 1304 3177 princeps
1317 3115 1378 3164 Cte-

282 3189 329 3239 dss
344 3206 402 3239 euru
415 3191 476 3240 viris
488 3194 636 3242 lectissimis
650 3194 809 3255 destinarem
849 3190 993 3254 siphoutem
1007 3191 1117 3239 ususire
1130 3205 1179 3239 nou
1192 3193 1287 3253 possit:
1307 3192 1378 3242 ideo·

281 3279 368 3315 seorrm
381 3281 443 3316 vero
455 3268 641 3318 Numerianum
658 3269 810 3319 adolescens·
849 3283 900 3333 qus
912 3268 1005 3317 Carum
1017 3264 1123 3315 fulmine
1140 3267 1294 3322 absumturu,
1307 3270 1377 3333 quod

282 3351 344 3402 tem,
365 3358 423 3393 cum
449 3344 629 3404 lectissimum,
654 3352 710 3395 tum
732 3347 810 3396 etism
849 3343 966 3394 eosiiues
978 3342 1123 3405 transgredi
1135 3351 1246 3406 eriperet
1258 3345 1302 3407 qui
1313 3344 1378 3393 ists·

282 3417 488 3476 disertissimum,
500 3420 627 3470 duceret!
850 3421 911 3471 liter
920 3420 1056 3471 constituti
1067 3416 1145 3468 sunt-¹
1178 3417 1268 3485 Atqui,
1285 3430 1314 3471 ut
1332 3438 1378 3485 op·

314 3495 408 3544 eDuru
432 3497 518 3557 gioria
543 3499 673 3547 inconsulte
704 3499 810 3563 auidior]
852 3497 913 3547 time
925 3497 1019 3547 ibidem
1038 3495 1268 3547 martinensem
1286 3500 1379 3550 Roma·

281 3569 425 3634 Vopiscus:
444 3570 556 3620 ‘Verum
573 3588 640 3636 crim,
654 3573 745 3622 auidus
757 3577 810 3638 glo·
850 3588 897 3623 nos
916 3573 985 3623 ultro
1000 3573 1199 3636 Ctesiphontem
1220 3582 1248 3623 et
1267 3576 1378 3638 Tigrim.

281 3644 486 3711 riae,(prsefecto
498 3663 544 3697 suo
556 3651 667 3699 maxime
675 3650 811 3716 jurgants,
850 3652 995 3716 prouinciis
1019 3650 1140 3701 hsbnisss
1165 3650 1376 3714 Transtigrsuss,

282 3723 326 3786 qui
335 3731 363 3772 et
374 3723 452 3786 ipsius
463 3732 491 3774 et
503 3724 548 3773 dlii
557 3725 612 3788 ejus
623 3726 810 3790 qrraerebstss·
851 3745 915 3793 ques
926 3745 940 3777 u
953 3729 1060 3779 Galerio
1073 3736 1170 3793 partas,
1181 3730 1295 3779 restituit
1313 3730 1376 3779 Per·

280 3798 370 3863 itiam)
380 3799 488 3863 eripiens
499 3801 628 3863 impense
641 3803 741 3867 longius
754 3819 810 3868 pro·
851 3807 887 3855 sis
898 3804 1032 3857 Joriuuus.

282 3884 448 3936 messuisset,
461 3883 490 3924 ut
509 3878 554 3925 alii
569 3876 657 3927 dicunt
673 3881 770 3938 morbo,
781 3887 811 3929 ut
882 3880 894 3915 ⁸
911 3882 1033 3946 Arduum]
1051 3877 1174 3930 Difficile.

284 3951 369 4012 pierres
385 3948 494 4000 fulmine
506 3953 659 4003 interemtus
671 3954 730 4005 est!
884 3957 959 4021 'Apri
967 3951 1282 4021 presertimoeterissusen']
1293 3955 1300 3981 ⁴
1313 3953 1376 4004 Psc-

315 4026 460 4093 fPurtlsioe]
485 4030 515 4079 ld
533 4039 584 4093 est,
601 4030 734 4082 Persidis:
753 4033 810 4099 jem
852 4035 921 4085 tione
934 4034 1003 4084 Arrii
1017 4032 1080 4096 Apri
1098 4028 1238 4086 socerisui,
1250 4029 1292 4092 quii
1308 4031 1378 4080 iuss·

281 4104 385 4166 πρίω·
850 4113 914 4162 dere
941 4110 1085 4160 conabatur
1108 4103 1252 4168 imperium.
1278 4109 1379 4162 occisus

316 4185 328 4220 Ι
349 4179 412 4227 Νιιιιι
423 4195 474 4229 ruis
484 4183 579 4232 orueula
595 4183 740 4249 docuissent]
758 4187 809 4236 Vo·
850 4189 909 4241 est)
925 4188 1031 4252 vopisc.

283 4253 377 4317 piscus,
393 4265 530 4321 postquam
547 4259 697 4325 Csipburnii
712 4266 809 4330 episto·
