3022 5026
465 359 514 407 no
540 358 756 408 cmsrnrnus
782 360 863 407 car.
888 359 959 410 xx.
1088 379 1098 396 =
1193 345 1260 411 287

161 525 274 572 sarum
295 523 371 586 roge
392 503 525 567 nomine
546 501 708 586 Abgaro.¹¹
752 504 805 567 15.
830 502 953 585 Neque
978 506 1089 570 minus
1113 505 1258 584 Arabas,

160 609 263 674 simul
278 607 415 671 adortus
432 613 544 684 otest,
563 607 599 670 in
614 606 771 670 ditionem
789 606 927 689 redegit,
941 608 1126 690 provinciae
1142 610 1258 676 modo.

160 712 216 778 16.
240 704 438 774 Adiabenai
460 728 608 792 quoque,
624 711 658 773 ni
673 717 835 774 terrarum
850 709 981 787 macies,
992 707 1257 792 despectaretnr,

90 844 93 853 ·
159 814 194 879 in
215 811 410 878 tributarios
426 811 664 877 concessisset.
710 813 762 875 17.
783 811 840 875 Ob
861 812 935 875 haec
955 816 1049 875 tanta
1063 809 1260 894 Arabicum,

161 914 421 990 Adiabenicnm,
434 923 468 978 et
478 908 653 978 Parthicik
668 919 890 995 cognomento
908 912 1027 978 Patres
1042 914 1171 978 dixere.
1203 916 1258 984 18.

163 1018 232 1082 His
255 1015 384 1099 majora
407 1035 591 1100 aggressus,
608 1016 824 1092 Britanniam,
840 1033 918 1098 quae
935 1014 979 1078 ad
1002 1035 1046 1080 ea
1059 1016 1154 1080 utilis
1169 1015 1259 1095 erant,¹

162 1121 271 1205 pulsis
295 1118 460 1197 hostibus,
479 1127 602 1184 muro¹¹¹
626 1119 777 1189 muniuit,
792 1138 852 1202 per
873 1123 1092 1182 transversam
1115 1119 1260 1186 insulam

162 1223 261 1288 ducto
283 1222 447 1306 utrimque
468 1222 511 1285 ad
528 1221 627 1286 linem
643 1222 771 1286 oceani.
815 1222 868 1285 19.
891 1217 984 1298 Quin
1000 1221 1101 1286 etiam
1115 1221 1258 1305 Tripoli,

163 1324 261 1407 cujus
278 1323 375 1407 Lepti
391 1324 519 1408 oppido
535 1325 738 1400 oriebatur,¹¹
762 1323 933 1388 bellicosae
948 1330 1065 1404 gentes
1080 1329 1259 1391 summotus

162 1426 287 1510 procul.
330 1428 384 1491 20.
407 1425 497 1505 Quae
507 1427 598 1490 sactu
613 1427 728 1502 ardua,
743 1426 879 1491 facilius
892 1444 934 1490 eo
950 1427 1179 1509 patrabantur,
1190 1446 1258 1510 qno

162 1529 385 1613 implacabilis
399 1529 529 1593 delictis
545 1534 714 1594 strennum
737 1548 905 1613 quemque
917 1535 931 1563 ⁰
950 1529 1101 1612 praemiis
1118 1529 1259 1594 extolle-

162 1776 231 1825 serit.
262 1776 334 1824 Male
345 1775 394 1825 boc
405 1775 462 1823 loco
474 1775 555 1824 edunt
563 1773 687 1824 decesserit
700 1774 926 1824 nonnulli'Arntz.
959 1773 990 1823 In
1000 1774 1052 1824 tius
1062 1774 1154 1824 nomine
1163 1774 1260 1836 Agarra

163 1842 265 1890 Sebott.
278 1840 374 1891 Gaesb.
394 1842 485 1890 Pitisc.
512 1840 580 1888 Vide
599 1841 674 1889 Nott.
693 1839 787 1901 Delpb.
803 1853 831 1890 et
849 1842 1012 1890 Vara-18⁶
1024 1842 1125 1897 Quoad
1141 1855 1168 1888 eu
1183 1841 1260 1890 utilis.

163 1905 430 1968 Olissrius,vestigiis
443 1906 507 1954 Mss.
521 1904 655 1968 inspectis,
666 1905 741 1967 quood
752 1906 821 1954 utilis
831 1911 881 1954 erni
893 1906 1045 1969 reponebat.
1073 1904 1128 1954 Nos
1137 1920 1189 1966 qua
1202 1907 1260 1954 odeo

162 1971 231 2020 utilis
243 1970 452 2020 tentaversmus.'
468 1970 560 2020 Selinit-
594 1971 601 1996 ‘
615 1971 675 2018 Non
691 1970 757 2018 male
770 1971 914 2032 olivarius,
925 1973 1041 2035 quamvis
1061 1978 1164 2032 poterat
1176 1970 1259 2019 adbuc

162 2037 270 2086 retineri
281 2037 381 2101 syllaba
389 2051 433 2085 ea:
450 2050 526 2098 quiam
540 2043 625 2084 tumen
638 2035 805 2084 casaubonus
821 2036 942 2086 mutabat
956 2036 981 2085 in
996 2036 1037 2085 ei.'
1053 2034 1160 2085 Gruter.
1192 2034 1260 2084 Vide

164 2101 228 2150 Not.
237 2102 333 2165 Delpb.
368 2102 465 2151 ‘Nunc
480 2116 573 2162 sequior
584 2101 662 2149 Salon.
673 2102 705 2149 sd
714 2101 803 2162 Spart.
812 2106 920 2165 euplii.
945 2099 1015 2150 Ante
1028 2101 1083 2163 ipse
1097 2108 1261 2150 tentaveram

163 2181 210 2228 qua
220 2167 318 2216 adibilis
328 2171 389 2225 nat,
402 2167 427 2215 id
439 2175 489 2225 est,
504 2169 571 2229 ‘quo
584 2180 664 2224 iisqne
676 2165 761 2228 potuit
772 2165 921 2229 perveniri!
954 2165 1082 2215 [scubilio
1093 2165 1183 2214 landet
1194 2165 1259 2215 Vos·

163 2231 216 2279 sius
227 2232 261 2280 de
270 2233 325 2280 vir.
335 2232 419 2281 Serui·
430 2244 473 2279 ιιι.
486 2236 528 2281 ru.
539 2246 571 2279 err
587 2230 676 2280 Sidon.
688 2231 775 2292 Apoll.
791 2231 835 2281 lib.
847 2245 878 2280 rr.
896 2230 973 2295 epist.
983 2235 1007 2280 8.
1026 2231 1070 2279 ubi
1083 2231 1133 2279 alia
1144 2227 1263 2280 Severo?

162 2296 248 2345 Arata.
281 2297 346 2345 Mox
356 2311 398 2360 per
408 2301 541 2345 transuersa
553 2294 617 2344 ister
627 2297 727 2344 insulam
745 2296 776 2344 ab
795 2296 898 2358 ingenio
910 2295 1057 2345 emendarit
1070 2295 1171 2345 Sebott.
1184 2308 1261 2359 quem

163 2359 298 2410 ride-1⁹
315 2362 383 2410 Edu.
396 2370 456 2409 sore
467 2362 568 2410 Sclrott.
585 2361 710 2423 monuique
715 2359 795 2419 suctu.
812 2362 902 2424 ‘Lego
917 2361 1007 2424 musal,
1023 2360 1170 2425 quassastis:
1187 2368 1260 2411 rects

161 2439 220 2475 mea
231 2427 335 2490 quidem
345 2427 487 2484 sententia,
497 2436 525 2475 et
535 2426 566 2475 sd
574 2426 705 2484 Spartiani
716 2441 818 2475 sensnm
830 2426 1032 2477 accommodate.
1056 2425 1132 2476 Quod
1145 2426 1261 2487 seqnitur

161 2490 320 2551 illusoribus
329 2508 358 2542 sa
365 2493 523 2557 pulsabuntur
535 2506 580 2556 quo
591 2491 747 2554 implacabilis
756 2492 867 2542 delictis:
884 2491 951 2543 forte
962 2507 989 2541 es
1000 2499 1028 2540 ot
1036 2505 1081 2554 quo
1091 2484 1262 2554 implacabilior

659 2617 767 2668 NOTAE

162 2715 240 2778 niam,
257 2714 338 2779 (quod
358 2715 495 2763 marimum
517 2715 573 2777 ejus
591 2715 691 2778 imperii
731 2730 805 2779 quam
817 2714 935 2778 despexit
947 2721 1054 2779 propter
1068 2721 1194 2765 terrarum
1207 2729 1260 2764 ms·

162 2791 241 2841 decus
253 2790 307 2852 est)
319 2805 392 2839 muro
409 2806 455 2853 per
471 2799 643 2839 transversam
654 2791 692 2839 io·
732 2790 797 2839 ciem
809 2790 930 2850 Severus,
939 2805 988 2839 nec
1000 2797 1139 2854 propterea
1149 2791 1260 2840 tribute·

163 2867 243 2917 sulam
255 2867 346 2928 (lucto,
359 2867 489 2931 utrimque
502 2867 533 2914 ad
546 2866 621 2916 linem
634 2880 692 2917 oce·
733 2866 795 2914 rium
813 2864 894 2927 iscit;
915 2876 941 2916 at
959 2867 1132 2929 Britanniam,
1145 2867 1212 2929 qrrorl
1227 2882 1260 2917 ea

164 2944 205 2991 ani
224 2943 348 3004 munivir3
366 2943 433 2991 unde
451 2943 529 2991 etiam
549 2943 693 2992 Britannici
732 2942 803 2991 utilis
831 2951 909 3007 esset,
935 2957 1008 3006 muro
1035 2950 1182 2992 transverso
1204 2957 1259 2992 mn-

164 3035 255 3070 uomeu
268 3020 377 3085 accepit.
411 3020 538 3083 Tripolin,
556 3021 625 3071 uode
641 3021 693 3070 ori·
733 3018 808 3068 nisit.

163 3096 247 3146 nodus
267 3105 333 3155 erat,
355 3097 470 3147 contusis
493 3097 692 3146 bellicosissimis
763 3103 782 3132 ¹¹
798 3094 884 3159 Mero]
900 3096 1038 3158 cespititio
1049 3095 1160 3146 scilicet.
1187 3094 1258 3145 Muri

164 3175 293 3237 gentibus,
327 3175 513 3224 securissimam
550 3172 691 3224 reddidit'
731 3171 1162 3237 similssrsllipropriadieuntnrr
1177 3163 1278 3237 quare*

163 3251 329 3313 Spartisousr
357 3266 414 3314 quae
440 3252 543 3314 integra
567 3250 641 3313 posui
663 3255 693 3300 ut
731 3248 799 3299 inira
816 3248 1259 3312 Epitomistasocatbuncrnurum,

164 3341 222 3375 cum
235 3328 272 3375 lrls
285 3328 399 3376 Victoris
411 3325 589 3377 conferantur.
731 3325 738 3351 ¹
750 3325 842 3372 uallium
854 3338 901 3387 per
913 3338 1010 3376 nxrr.
1022 3340 1143 3390 passum
1156 3325 1260 3375 millias

196 3403 321 3462 burgaro
344 3405 460 3469 [Agnitio]
488 3407 559 3469 Lege
589 3404 692 3465 algaso.
731 3402 797 3451 muri
814 3400 846 3450 sd
864 3415 935 3451 mare
952 3402 1077 3453 deduxit:
1107 3403 1260 3467 Spartianus

164 3482 171 3508 ¹
184 3480 318 3542 Abgarum
330 3479 337 3500 '
350 3490 427 3530 vocnt
438 3495 516 3544 supra
528 3481 691 3544 Spartianus.
732 3485 870 3543 utrumqne
889 3480 975 3542 posuit
990 3495 1090 3529 murum
1107 3481 1259 3540 stasilum

197 3556 203 3590 ¹
218 3555 355 3619 Adiabena]
373 3557 485 3620 Assyrio
499 3558 578 3617 regio.
731 3555 805 3620 quasi
821 3555 945 3606 dubitans
963 3564 1022 3608 atro
1045 3555 1120 3608 modo
1142 3557 1259 3621 appella·
1336 3611 1339 3615 ⁷

197 3633 357 3697 *Arabicum
366 3635 483 3684 Adiaben.
495 3639 518 3683 et
528 3634 628 3698 Porti]
641 3633 691 3683 Ve·
733 3639 784 3684 ret.

166 3720 207 3761 tus
232 3712 381 3772 inscriptio:
402 3725 427 3760 a.
442 3723 597 3760 rarrrrsrss.
612 3723 693 3760 sava·
763 3716 776 3744 ¹
795 3709 894 3772 Tripoli,
904 3708 971 3773 cujus
986 3709 1058 3774 laepti
1073 3710 1157 3775 oppido
1167 3711 1260 3758 urbia·

165 3799 224 3835 nus.
237 3799 307 3835 rius.
326 3800 479 3837 auarissx.
493 3800 560 3836 svo.
576 3799 692 3838 unsre.
733 3785 784 3849 ser]
805 3787 923 3851 Tripolis
945 3797 972 3838 st
993 3787 1075 3848 urbis,
1097 3796 1124 3836 et
1146 3786 1261 3848 regionis

164 3875 362 3913 anrsssurcvs.
373 3876 542 3913 craumers.
553 3867 604 3913 erc.
733 3861 830 3913 Africo
847 3878 941 3914 nomen
958 3870 1012 3914 est:
1029 3864 1070 3914 hie
1088 3878 1136 3927 pro
1153 3865 1260 3926 regim

197 3938 384 3995 'Britanniam
400 3958 452 4005 quo
469 3944 499 3990 orl
513 3941 620 3990 cautelis
629 3941 693 4006 wat]
732 3940 850 4001 sumitur,
872 3940 946 4003 enjus
967 3940 1089 4004 oppidum
1113 3939 1204 4003 Leptis
1225 3939 1259 3989 stl

165 4018 234 4070 Quid
252 4019 317 4067 boc?
334 4035 387 4082 quoe
401 4021 432 4068 ad
448 4034 475 4068 ea
486 4019 553 4067 utilis
563 4023 629 4068 erat:
646 4033 693 4083 op·
734 4013 1001 4079 Cyuinbnmfluvlum·

165 4095 228 4145 tiore
245 4098 383 4146 Salmasius
402 4096 469 4159 apud
486 4097 693 4160 spartianum
765 4091 1257 4156 ⁰1mplacabilisclelictisslrsssrusqusss·

164 4187 192 4220 eo
208 4174 275 4222 utilis
293 4181 361 4225 nat:
380 4173 496 4237 respexit
514 4174 582 4222 enim
600 4173 693 4222 Victor
732 4168 788 4234 qus]
804 4170 934 4233 Spartiao.
949 4170 957 4198 ‘
970 4169 1044 4220 ldeor
1062 4186 1120 4220 eum
1135 4171 1255 4234 impless-

167 4247 199 4295 ad
221 4248 248 4296 id
269 4251 338 4314 quod
362 4251 465 4301 dixerat
492 4247 524 4299 de
547 4249 691 4305 Adiabena,
733 4248 1259 4316 bilisdeiictis,tumarleligeutloslndus·
