3022 5026
403 387 516 436 onroo
539 386 678 439 eruore
702 387 883 438 nonnos.
927 388 1010 438 err.
1033 389 1115 440 xor.
1253 371 1297 439 67

634 658 740 731 GAP.
768 658 874 729 XVI.

205 832 418 884 neuunuuwrr.
442 832 550 882 brunin
559 839 630 882 metu
643 830 749 882 Arrenii
761 832 787 882 iu
796 832 895 897 eyirrru
907 829 1033 895 preingtt
1045 829 1089 880 nbi
1098 826 1166 893 perit
1175 828 1299 897 sylvium.

238 915 346 964 Arrenii
358 912 426 977 eund
439 913 546 964 Letinoe
557 911 663 975 invidie,
674 913 746 976 queri
757 912 892 963 Lertnienr
902 917 1038 962 recurret:
1055 903 1128 976 enine
1142 911 1249 962 tenuem
1260 927 1299 964 re·

235 993 303 1056 tito,
315 994 411 1058 pupuie
422 993 613 1044 reconciliatur.
646 993 728 1043 Penio
740 993 816 1043 eliter
825 993 858 1043 de
868 991 907 1044 hie
919 1004 953 1042 eu
966 993 1024 1043 oiiie
1038 1001 1180 1043 nerretnm.

249 1126 280 1189 1.
304 1124 473 1189 [suumn
502 1125 654 1202 Lavinia,
679 1126 723 1189 eb
748 1126 860 1192 AEuea
884 1125 1021 1209 gravido
1047 1126 1170 1204 relicta,
1194 1135 1298 1204 metu,

203 1226 308 1292 veluti
327 1224 506 1292 insecuturi
527 1244 564 1290 se
583 1227 736 1305 Ascanii,
749 1229 786 1292 iu
806 1228 938 1312 sylvam
957 1228 1106 1312 profugit
1120 1225 1162 1292 ed
1178 1230 1299 1312 magis·

204 1339 293 1397 trum
319 1333 415 1417 patrii
442 1333 584 1416 pecoris,
609 1331 797 1414 'Pyrrhum¹
818 1332 932 1415 ibique
954 1332 1053 1396 enixo
1077 1335 1130 1396 est
1150 1349 1300 1414 puerum,

205 1436 264 1520 qut
280 1437 380 1501 eieci
395 1435 559 1520 qualitate
573 1431 729 1519 Sylvius⁸
741 1442 795 1498 est
809 1433 930 1499 dictus.
950 1432 1002 1499 -2
1024 1433 1073 1499 At
1087 1452 1167 1499 vero
1180 1433 1300 1516 vulgus

205 1533 396 1602 latinorum
419 1537 616 1602 existimans
638 1539 724 1603 elam
746 1537 789 1601 eb
803 1535 953 1602 Asconio
970 1535 1193 1614 interiectum,
1209 1555 1300 1619 mag-

203 1654 279 1703 nom
303 1641 336 1704 ei
357 1640 517 1705 invidiam
539 1638 752 1718 continuerat,
774 1655 882 1722 osque
904 1658 957 1715 eo,
979 1645 1016 1703 ut
1037 1639 1139 1704 armis
1161 1657 1300 1723 quoque

204 1743 319 1814 eivim
336 1743 553 1808 denuntiaret
596 1741 630 1806 8.
651 1741 738 1807 Tum
754 1739 924 1805 Asconius
938 1739 1158 1826 jurejurando
1173 1760 1210 1806 se
1225 1761 1301 1826 pur·

204 1860 301 1928 gens,
316 1864 393 1909 unm
413 1845 496 1910 nihil
516 1845 607 1929 opud
621 1863 679 1908 eos
694 1844 878 1928 proficeret,
893 1845 999 1928 petitu
1013 1844 1174 1910 diletione
1194 1845 1237 1910 ud
1251 1846 1301 1910 in·

206 1949 414 2034 quirendum,
424 1950 507 2013 irem
520 1956 720 2032 presentem
733 1948 822 2031 vulgi
835 1944 1302 2033 aliquantulomiregitfflolii·

206 2051 362 2134 citusque
376 2057 438 2129 est,
455 2067 493 2114 se
509 2049 700 2133 ingentibus
715 2050 865 2133 praemiis
884 2049 1126 2115 cumulaturum
1142 2068 1229 2129 enm,
1244 2051 1301 2134 qui

206 2153 272 2219 sibi
288 2153 461 2218 Louiniem
477 2153 728 2234 investigasset:
751 2170 831 2216 mox
846 2161 1075 2237 recuperatum
1091 2169 1167 2218 oum
1182 2153 1252 2218 filio
1268 2160 1302 2218 iu

204 2256 316 2322 urbem
340 2257 516 2322 Lavinium
538 2256 686 2333 reduxit,
710 2254 895 2339 dilexitque
916 2255 1038 2320 honore
1061 2264 1224 2322 materno.
1268 2259 1301 2321 4.

207 2357 294 2438 Quor
313 2379 369 2425 res
388 2379 517 2425 rursum
538 2361 568 2423 ei
584 2377 734 2442 magnum
752 2359 900 2424 favorem
917 2359 1034 2443 populi
1049 2361 1249 2438 conciliavit,
1265 2368 1303 2425 nt

205 2462 354 2526 mount
368 2460 472 2527 Ceius
487 2459 616 2541 Gaesur,
630 2468 664 2525 et
678 2462 807 2526 Sextus
820 2459 970 2528 Gellius¹¹
983 2462 1017 2526 in
1031 2462 1167 2546 Origine
1181 2461 1302 2528 Gentis

206 2561 381 2631 Romunae.
419 2569 450 2630 5.
473 2562 524 2629 Ar
537 2581 617 2629 vero
633 2563 693 2628 ulii
707 2564 852 2636 trudunt,
867 2562 971 2648 qnod,
983 2584 1059 2630 eoru
1074 2563 1243 2631 Mosaios
1258 2564 1302 2630 eb

205 2667 362 2731 uniuerso
382 2666 508 2751 populo
527 2665 570 2731 od
589 2666 827 2731 restituendum
848 2666 1022 2732 Lavinium
1045 2675 1229 2750 cogeretur,
1245 2667 1302 2751 jn-

205 2777 360 2854 ruretque
381 2791 418 2835 se
440 2789 547 2853 neque
562 2770 780 2847 interemisse,
795 2789 906 2854 neque
922 2772 1008 2835 seire
1025 2770 1083 2834 nbi
1102 2778 1202 2847 esset,
1217 2769 1301 2852 Tyr·

205 2871 428 2957 rhum,‚petit0
443 2872 590 2949 silentio,
605 2872 639 2936 iu
655 2872 714 2937 illo
729 2873 902 2937 concionis
917 2873 1102 2958 frequentia
1117 2872 1302 2955 professum

206 2975 380 3052 iudicium,
402 2977 431 3041 si
453 2975 530 3054 sibi,
546 2974 775 3059 luviniaeque,
793 2994 968 3061 pueroque
990 2994 1033 3038 ex
1055 2991 1096 3039 eu
1117 2981 1196 3039 ueto
1218 2973 1303 3039 fides

206 3077 447 3144 incolumitatis
467 3078 622 3157 duretur;
646 3084 783 3162 tumque
798 3098 874 3144 eum
891 3084 1032 3161 acceptu
1046 3075 1112 3141 ride
1128 3072 1302 3144 Lavinium

206 3179 242 3244 iu
257 3182 371 3246 urbem
387 3200 462 3248 cum
476 3180 548 3247 tilio
560 3180 744 3246 reduxisse.

666 3359 845 3381 mm

242 3474 307 3530 Cer.
317 3491 378 3529 xor.
410 3481 424 3527 l
438 3474 583 3542 reem
594 3477 730 3543 tegendum
740 3492 798 3528 rese
806 3479 833 3528 iu
845 3480 960 3545 energiae
976 3481 1124 3545 conjeceret
1136 3478 1304 3530 selenites.-

210 3543 302 3596 tvtue
315 3549 368 3595 uot·
378 3539 476 3606 Deiph.
487 3540 534 3592 ini.

703 3658 810 3712 ΝΟΜ

239 3764 250 3791 ·
267 3752 399 3822 werre]
408 3755 570 3820 Tyrrhenum
582 3764 658 3807 ruunt
670 3758 734 3808 Die·
776 3769 822 3809 unt
838 3758 946 3824 Dionys.
959 3755 1054 3811 Eunu.
1071 3758 1185 3821 senine,
1201 3756 1244 3822 qui
1263 3755 1304 3806 Δί·

207 3832 319 3898 nye.qui
331 3831 540 3882 henchieterieur
553 3841 650 3884 narret.
775 3849 831 3887 ee·
841 3836 922 3888 tilium
935 3837 1034 3887 dieunt.

243 3909 352 3960 *Aroe
369 3909 484 3973 quartoue
495 3908 604 3974 Suiotee]
623 3910 679 3959 un.
691 3910 737 3960 lib.
808 3912 896 3963 'Sem
916 3911 1021 3976 Griiiee]
1039 3912 1126 3976 Hujus
1146 3924 1221 3962 neme
1239 3911 1304 3961 eliue

207 3999 229 4038 1.
254 3985 374 4049 ‘Sylvius
395 3985 490 4036 deiude
515 3995 607 4051 regnet
630 3986 737 4038 Asconii
776 3989 907 4038 meminit:
927 3986 1018 4038 sorren
1040 4001 1091 4039 oon
1112 3989 1172 4039 Sex.
1193 3988 1238 4038 red
1258 3987 1304 4039 Cr.

205 4063 284 4122 fliius,
301 4079 363 4114 oeeu
381 4064 736 4131 quedemiueyieieneturr'
778 4065 872 4115 Geitiee
898 4065 1036 4129 tegendum
1060 4067 1103 4128 eit,
1132 4066 1175 4131 qui
1200 4066 1304 4116 ennetee

208 4144 253 4195 etri
276 4143 423 4210 ‘Sylviuru'
446 4146 552 4196 Aeanti
575 4158 627 4196 neu
650 4145 736 4196 AEuee
776 4144 882 4208 eeripeit
902 4153 931 4195 et
949 4153 1107 4196 memoretur
1122 4144 1220 4208 (istite,
1240 4144 1304 4196 Dio·

209 4219 288 4273 enen
304 4221 376 4273 iecit·
409 4222 474 4273 Cum
491 4222 591 4275 Neetru
608 4223 736 4274 censenti·
776 4220 860 4285 styrie,
870 4222 994 4287 vopisco,
1005 4222 1149 4287 Metroon,
1162 4224 1304 4276 Priscieue.
