3022 5026
209 354 275 423 382
341 354 346 365 '
491 334 807 420 'ssxrrsunnnsr
833 369 1008 420 vrcsnnrs

209 521 279 604 pii:
313 517 569 602 incendiumque
593 515 716 581 Romus
740 516 815 581 sine
838 523 999 581 nocturne
1023 518 1136 602 requie
1159 537 1222 603 per
1249 524 1314 589 ms

211 624 315 687 duum
330 621 408 685 suit.
442 620 496 685 13.
523 618 635 684 Lues⁰
660 638 809 703 quoqne,
824 627 947 702 quanm
962 621 1020 683 vix
1034 640 1181 705 unquam
1197 635 1312 705 auten,

209 725 285 790 init.
328 723 382 787 14.
411 720 547 801 Quibus
578 727 687 786 tamen
717 722 826 796 mulis,
853 720 945 785 nulio
975 733 1130 801 venum?
1158 731 1314 809 pecunia

208 828 345 913 propriu
363 825 527 904 subvenit,
541 825 673 890 cunctis
684 823 903 889 remediorum
914 826 1099 905 generibus,
1109 846 1195 893 nunc
1204 849 1314 913 nigro·-

209 937 314 995 tuntes
340 948 400 1013 per
424 929 642 1011 semetipsum
665 927 829 1003 reficiens,
853 944 942 990 nuno
964 929 1145 992 consolans
1168 950 1312 999 suornm

208 1033 371 1098 mortibus
386 1029 541 1095 afflictos.
587 1030 640 1093 15.
661 1026 762 1092 Vixit
775 1047 879 1092 annos
893 1028 1112 1112 qundmgintn
1125 1052 1227 1096 unum
1241 1056 1249 1096 e
1273 1044 1314 1100 et

208 1136 245 1200 in
257 1135 388 1210 eodem,
402 1153 471 1218 qno
485 1141 591 1217 pater,
608 1131 699 1215 apud
715 1130 860 1197 Sabinos
876 1150 955 1215 agro
970 1132 1055 1196 febri
1070 1133 1205 1200 interiit.
1251 1136 1312 1202 16.

208 1236 326 1322 Hujus
347 1256 450 1313 mors,
465 1235 559 1301 credi
574 1236 636 1301 vix
650 1243 777 1318 potest,
794 1242 953 1317 quantum
981 1235 1094 1300 luctus
1120 1235 1205 1301 Urbi
1228 1258 1311 1321 pro·

209 1341 396 1423 vinciisque
411 1338 571 1417 intulerit,
598 1337 683 1402 adeo
707 1343 746 1400 nt
770 1356 848 1400 eum
874 1338 1014 1402 delicias
1035 1340 1201 1422 publicus,
1215 1341 1311 1408 sicut

207 1440 370 1518 diximus,
383 1442 607 1527 appellantes,
622 1440 723 1526 quasi
734 1448 901 1524 perpetuo
914 1440 1055 1506 custode
1071 1444 1223 1508 orbatum
1239 1450 1309 1510 ter·

207 1562 318 1609 sarum
332 1543 633 1610 orbemdeflerent.
1295 1560 1301 1572 ’

208 1760 436 1823 slssppensunne.
474 1758 716 1811 VtrubiusGrsmm.
748 1759 840 1810 Bebirss
852 1757 934 1820 Lngd.
944 1761 968 1808 l.
981 1771 1014 1807 es
1024 1773 1076 1822 qus
1087 1759 1144 1810 deri
1153 1769 1241 1824 potest
1256 1762 1308 1814 Ve-

207 1826 262 1876 siss
275 1840 320 1874 seu
336 1825 443 1880 Vesvius.
455 1825 558 1874 Besbiss
569 1840 614 1873 seu
631 1825 744 1875 Vesbiss:
763 1825 832 1890 qund
846 1832 932 1874 temen
944 1823 1077 1887 pubiicum
1090 1828 1170 1889 magis
1181 1836 1220 1877 est
1233 1836 1260 1878 ut
1275 1839 1306 1883 et

211 1889 331 1942 remus
349 1892 506 1939 Arnim-rs
522 1888 612 1948 beuit
625 1891 650 1938 in
663 1890 713 1938 iine
726 1890 826 1939 uncinis
838 1888 975 1938 includunt
987 1888 1089 1939 Seiron.
1098 1890 1194 1941 Gsesb.
1205 1893 1308 1958 Deipb.

207 1955 366 2006 Pirum-ld
392 1956 519 2005 Naissus·
538 1956 632 2004 vexaris
650 1956 925 2020 qusrsrnrsnipssisp.
942 1954 1118 2004 Sebotbcsm
1129 1956 1305 2010 Aidscbott.

207 2019 244 2071 G.
255 2023 288 2072 D.
297 2021 328 2070 Ρ.
355 2020 511 2070 ‘interseris
524 2026 601 2070 tusses
613 2020 704 2070 Gueii.
719 2020 793 2069 Leid.
805 2023 829 2069 2.
841 2029 869 2070 et
881 2021 975 2083 prisea
986 2019 1048 2070 edd.
1066 2021 1147 2085 [quod
1159 2038 1216 2074 soe.
1229 2027 1306 2083 omit·

207 2093 266 2136 tunt
277 2087 379 2136 Subori.
390 2086 487 2136 Gussb·
498 2086 592 2149 Deipb.
603 2086 710 2150 Pitisc.]
728 2094 756 2134 et
767 2086 819 2134 duo
831 2086 930 2149 priores
941 2085 1033 2149 scripsi
1051 2088 1209 2138 serissimsm
1228 2091 1304 2139 iecti-

206 2165 282 2202 ones·
306 2149 458 2201 confirment
483 2151 548 2199 ssilo
568 2157 664 2208 neseis.
688 2151 757 2215 qnod
782 2149 853 2200 refer
874 2151 905 2200 sd
932 2165 997 2200 nuns
1018 2152 1194 2214 resupnum,
1211 2169 1269 2216 qun
1287 2171 1305 2206 s

207 2216 358 2265 cisitsribus
368 2218 500 2279 exigerem
518 2215 575 2264 isuic
586 2216 694 2280 opponit
711 2216 831 2280 ‘propris
844 2217 952 2278 pecuuis
965 2216 1124 2268 subvenire!
1149 2221 1232 2267 Msitn
1247 2235 1306 2268 nex·

206 2282 257 2329 stis
267 2289 387 2394 coranpte
399 2294 469 2396 dm
483 2295 529 2329 suo
541 2281 614 2330 Leid.
622 2285 647 2330 2.
663 2281 706 2346 qui
716 2290 743 2330 er
756 2296 816 2331 mox
826 2282 945 2349 efficiess:
961 2289 988 2331 et
1000 2280 1106 2333 inferius
1116 2285 1303 2348 eodenmque,

206 2360 252 2409 pso
264 2346 309 2396 Lei
330 2344 383 2394 .1.’
423 2351 490 2394 rsrs.

206 2505 323 2561 Vesuvii,
334 2505 360 2556 in
372 2504 529 2567 Cempsnin
545 2511 572 2554 et
587 2504 732 2555 incendium
774 2506 812 2556 bis
823 2504 960 2568 incendio,’
978 2506 1069 2570 inquii,
1086 2507 1165 2557 ‘nihii
1183 2508 1232 2558 uisi
1249 2509 1302 2559 sibi

207 2581 297 2632 Romus
311 2596 357 2646 per
368 2582 491 2638 triduum,
502 2581 660 2647 totidemque
673 2597 733 2633 noc·
774 2582 882 2646 periisse
899 2582 1002 2648 publice
1021 2583 1149 2647 testsrns‚'
1166 2588 1215 2635 dre.
1248 2588 1303 2637 Ve-

206 2667 264 2719 ιρις
280 2659 342 2709 item
357 2659 507 2723 pestilentia
520 2667 616 2723 qusnrs
632 2674 682 2708 non
695 2667 733 2707 te·
774 2673 829 2708 sum
847 2672 898 2708 non
914 2657 973 2708 iden
991 2667 1097 2722 recepte
1113 2660 1189 2710 lectio
1203 2669 1303 2713 temere

206 2749 277 2785 mere
293 2733 376 2785 sliss.’
403 2737 511 2786 Suetnn.
532 2751 589 2800 esp.
607 2739 631 2786 8.
664 2737 733 2786 Vide
772 2734 940 2786 dsmnsnds:
967 2749 1018 2785 nou
1051 2736 1133 2786 solnm
1160 2738 1228 2788 euim
1257 2753 1303 2790 eos

206 2810 241 2859 ds
256 2811 362 2862 Vesuvii
379 2813 473 2861 montis
495 2813 614 2863 incendio
631 2814 733 2876 eiegsn·
774 2814 880 2876 respicit
901 2813 945 2875 qui
967 2813 1057 2873 Urbis,
1085 2813 1130 2862 sed
1158 2817 1235 2864 etism
1261 2830 1302 2866 re·

205 2887 329 2936 sissimsm
349 2886 417 2936 Piin.
432 2888 566 2952 epistolem
582 2890 627 2939 lib.
640 2904 679 2942 us.
690 2905 733 2956 ep.
773 2892 855 2956 liquos
871 2905 959 2940 omnes
973 2892 1017 2954 qui
1030 2891 1134 2940 Vesuvii
1151 2893 1245 2943 montis
1263 2894 1303 2943 in·

208 2968 249 3014 16.
774 2969 866 3017 cendio
884 2968 938 3017 ioesi
955 2975 1024 3015 sunt.
1058 2967 1150 3031 Neque
1167 2971 1249 3018 minus
1269 2983 1302 3020 es

237 3049 249 3075 ⁰
264 3039 339 3103 Lues]
355 3043 465 3106 Proprie
480 3042 514 3092 de
526 3043 684 3107 pestilentis.
772 3045 1049 3094 stnetouiimentens
1059 3042 1133 3105 facit,
1143 3045 1186 3109 qui
1197 3045 1301 3107 ibidem,

237 3125 250 3160 Ρ
275 3119 347 3168 Nsiio
370 3125 455 3168 neem
476 3120 607 3183 [sm-suis
625 3122 731 3186 uexatis]
772 3123 824 3173 ‘In
842 3123 881 3172 iris
897 3130 937 3172 rot
951 3121 1066 3171 ndvessis
1081 3137 1112 3172 se
1128 3123 1232 3184 idibus,
1247 3137 1300 3173 non

205 3190 238 3243 ln
264 3194 327 3243 Mss.
354 3195 444 3250 Quibus
468 3201 548 3246 sumes
572 3197 641 3246 sssiis
669 3200 732 3248 ssiio
772 3200 848 3248 modo
861 3196 983 3261 principis
994 3197 1195 3259 soiicitudinem,
1211 3198 1256 3246 sed
1271 3207 1301 3248 et

204 3275 305 3318 neuin:
321 3286 377 3335 qun
401 3272 591 3335 amplectuntur
607 3273 654 3321 siri
672 3273 732 3324 doc·
772 3275 886 3339 psrenris
902 3271 1024 3322 effessum
1044 3274 1145 3323 unicum
1162 3275 1302 3336 prestitit:

205 3345 307 3410 tissimi,
327 3347 396 3411 qnod
416 3349 496 3397 menri
517 3349 635 3398 Suetonii
659 3352 731 3401 side·
770 3364 838 3399 nnnc
847 3349 1137 3415 consolandoqusrenns
1146 3358 1301 3415 suppeteret

206 3430 282 3472 entur
306 3424 512 3475 sccommodsri:
537 3439 595 3490 esp.
616 3431 641 3476 8.
664 3427 730 3476 ‘Um
771 3424 898 3478 faenum!

648 3771 753 3838 CAP.
785 3771 858 3836 XI.

503 3908 539 3956 n.
564 3905 727 3956 nnnvsus
751 3907 1000 3958 nouirmuus.

246 4013 279 4075 1.
302 4012 565 4088 Dumnissus,
580 4009 787 4094 Vespasiani
802 4016 836 4076 et
851 4012 1040 4081 Domitillae
1055 4012 1182 4077 libestae
1194 4006 1295 4088 filius,

669 4143 846 4164 eumenen

236 4206 305 4258 Ces.
316 4222 356 4258 xr.
373 4214 385 4259 1
398 4217 406 4240 ¹
418 4210 564 4274 Vespasiani.
582 4210 700 4261 Absnitn
716 4212 827 4274 surgetis
842 4212 969 4262 omnibus.
1005 4210 1059 4262 Nos
1073 4222 1088 4256 e
1101 4208 1164 4258 Mss.
1177 4215 1205 4258 et
1215 4210 1298 4260 Vero·

202 4273 274 4321 nemi
286 4276 457 4338 reposuimus,
466 4278 515 4328 nisi
526 4278 657 4339 eumpse
666 4283 691 4327 et
703 4279 790 4342 legere
801 4278 899 4328 ssssis:
916 4279 960 4343 qni
972 4283 1000 4327 er
1011 4275 1153 4333 mura,
1169 4283 1199 4326 nt
1212 4275 1298 4326 Μ·
